1759 3182
991 357 1035 395 ⁷6

510 467 556 507 V.
585 470 646 506 22.
700 470 725 505 ἄ
755 481 814 519 μοι
846 466 1048 521 memte
1078 468 1165 521 αἶγα
1196 482 1231 506 κ.
1253 482 1287 507 τ.
1307 467 1342 507 λ.

508 553 735 595 Matthaaius
757 555 804 593 in
818 555 922 596 Edit.
943 555 1174 598 Philoctetae
1196 555 1243 596 ad
1264 554 1367 596 hunc
1379 555 1504 596 locum
1515 568 1581 594 ne-

454 647 549 689 scire
556 661 595 691 se
605 647 699 691 dicit
709 661 756 689 an
765 649 853 702 σῖγα
859 649 997 690 rectius
1002 649 1186 702 jungatur
1193 648 1411 701 imperativo
1419 651 1580 702 σήμαινε,

453 754 564 792 quam
581 742 779 795 participio
804 741 1012 796 τροςελθών.
1066 737 1140 782 sed
1166 755 1246 784 non
1278 755 1373 794 opus
1407 744 1503 789 erut,
1537 744 1582 780 ut

394 844 397 846 ·
454 829 720 880 Neoptolemus
756 830 872 869 tacite
906 829 1038 881 Ulyssi
1068 843 1143 870 rem
1171 830 1420 876 renuntiaret,
1455 841 1582 869 verum

454 918 498 954 ut
524 915 649 956 locum
674 916 884 956 indicatum
915 917 1030 956 tacite
1057 918 1197 964 adiret,
1232 930 1280 957 ne
1306 916 1461 956 sentiret
1488 915 1581 955 Phi·

453 1010 622 1051 loctetes.
677 1011 805 1064 Junge
825 1012 945 1065 igitur
972 1025 1057 1051 cum
1083 1010 1298 1066 προςελθών.
1353 1010 1485 1060 Neque
1510 1007 1582 1047 hoc

454 1099 640 1138 monitum
663 1112 974 1151 supervacaneum
997 1102 1074 1139 erat
1102 1114 1110 1138 z
1138 1100 1275 1139 etenim
1288 1098 1459 1149 Ulyssem
1472 1097 1584 1137 homo

453 1186 736 1235 callidissimus,
763 1187 905 1228 nullam
919 1201 1013 1236 rem,
1026 1187 1174 1228 nullum
1201 1187 1400 1229 consilium
1425 1189 1583 1240 praeter-

453 1275 592 1322 mittit,
617 1288 709 1325 quo,
734 1278 778 1314 ut
806 1276 998 1326 inceptum
1021 1276 1112 1315 bene
1135 1276 1361 1323 succederet,
1389 1290 1482 1327 opus
1507 1289 1585 1315 esse

455 1363 608 1413 poterat.
646 1383 699 1389 —
735 1359 909 1401 Ceterum
946 1361 991 1401 de
1026 1361 1220 1403 verborum
1251 1362 1430 1415 junctum
1462 1361 1583 1402 adhuc

456 1455 526 1495 sub
548 1456 677 1507 judice
702 1456 751 1495 lis
777 1460 843 1495 est.
899 1456 1017 1495 Multi
1043 1457 1203 1495 editores
1234 1457 1386 1496 verbum
1413 1458 1490 1509 ἔχει
1517 1470 1583 1509 pro

455 1551 614 1590 κατοικεῖ
637 1549 781 1590 dictum
808 1552 961 1604 putant,
988 1550 1099 1591 verba
1125 1551 1180 1591 sic
1203 1551 1403 1604 jungentes
1432 1566 1440 1590 :
1467 1549 1493 1590 ἃ
1521 1546 1580 1591 εἴτ’

453 1645 529 1696 ἔχει
577 1645 628 1683 ἔτι
675 1646 849 1696 σήμαινε,
901 1642 1103 1697 προςελθὼν
1137 1645 1224 1697 σῖγα
1261 1643 1344 1699 πρὸς
1375 1647 1495 1698 χῶρον
1526 1643 1586 1683 τὸν

454 1735 557 1776 αὐτὸν
589 1734 702 1776 τόνδε.
757 1736 856 1775 Aliis
879 1749 965 1776 vero
988 1735 1059 1775 hoc
1082 1734 1214 1775 durius
1226 1736 1348 1775 visum
1362 1739 1435 1785 est,
1457 1750 1512 1777 ex.
1526 1750 1581 1790 gr.

455 1834 703 1880 Buttmanm,
740 1834 806 1885 qui
836 1835 935 1873 recte
962 1833 1097 1886 statuit
1123 1832 1359 1872 Brunckium
1385 1832 1461 1883 ἔχει
1488 1831 1584 1871 male

455 1914 736 1973 interpretatum
764 1934 842 1960 esse
867 1921 991 1967 habet,
1020 1920 1185 1967 habitat,
1210 1933 1231 1958 e
1260 1933 1347 1958 mss.
1374 1919 1582 1958 afferentem

454 2014 633 2067 glossam,
655 2014 828 2064 κατοικεῖ,
858 2014 966 2065 cujus
988 2012 1094 2051 nulla
1116 2012 1318 2051 auctoritas
1342 2014 1471 2050 contra
1494 2024 1584 2050 con-

454 2082 629 2141 stantem
652 2101 868 2140 Atticorum
908 2100 1131 2152 scriptorum
1169 2113 1278 2139 usum
1294 2128 1305 2146 ‚
1354 2098 1453 2152 apud
1491 2112 1586 2151 quos

454 2189 618 2237 nullum,
658 2188 785 2237 credo,
825 2188 975 2241 reperiri
1005 2188 1143 2239 poterit
1170 2186 1396 2239 exemplum,
1420 2188 1486 2228 ubi
1513 2187 1583 2228 hac

457 2283 734 2337 significatione
760 2283 856 2335 ἔχειν
884 2281 1051 2322 absolute
1068 2282 1232 2334 ponitur.
1272 2282 1461 2322 Praeterea
1474 2296 1586 2336 προς-

458 2375 575 2414 ελὲών
602 2375 769 2415 absolute
790 2375 881 2428 poni
895 2377 1034 2427 potest,
1048 2376 1092 2413 ut
1105 2374 1203 2414 infra
1217 2373 1264 2413 V.
1279 2375 1331 2412 42
1361 2388 1368 2413 :
1396 2371 1582 2429 προςβαίη.

458 2464 568 2504 Errat
604 2466 726 2503 autem
762 2462 906 2503 Buttm.
939 2462 982 2501 in
1007 2475 1067 2511 eo,
1092 2461 1194 2513 quod
1220 2460 1466 2502 Philoctetam
1492 2462 1584 2502 facit

459 2559 667 2612 subjectum
694 2556 797 2598 verbi
832 2557 924 2609 ἔχει,
961 2555 1049 2607 quia
1072 2554 1127 2595 sic
1163 2555 1258 2607 ἔχει,
1296 2566 1445 2605 quoquo
1472 2551 1581 2592 modo
