1759 3182
748 349 791 381 ⁶5

208 456 332 506 ipsum
355 454 545 494 liberaturi
577 456 664 495 sint.
731 456 817 500 Quo
845 456 974 496 audito
1013 453 1239 495 Philoctetes
1266 456 1326 495 in»

208 541 385 595 dignatus
410 542 571 594 quaerit,
596 555 644 584 an
670 530 760 584 talia
788 542 969 584 dicentem
984 554 1068 593 non,
1087 541 1224 596 pudeat
1239 541 1326 583 deo-

204 642 307 675 rum,
328 641 392 680 per
408 610 501 681 euos
519 631 726 681 juraverit?
781 631 994 682 Respondet
1016 630 1124 677 alter,
1149 643 1227 669 non
1253 643 1324 681 pu-

208 715 292 756 dere
328 717 381 757 rei
412 730 505 768 quae
526 717 633 757 utilis
659 718 720 757 sit.
744 740 800 747 -—
828 716 1000 756 nMihfne
1023 716 1167 765 utilis,”
1194 717 1325 757 scisci-

203 807 306 844 tatur
340 805 423 853 ille,
462 819 533 845 nan
559 805 705 846 Atridis
713 805 754 843 P'-'
787 827 841 836 ———
875 805 1031 845 Frustra
1056 805 1323 858 Neoptolemus

204 892 379 940 declarat,
414 894 532 944 ipsius
558 892 788 931 Philoctetae
813 892 1014 933 commodis
1047 906 1087 931 se
1112 892 1322 940 consulere3

200 979 264 1019 ille
289 983 427 1033 perstat
452 980 494 1019 in
520 980 727 1032 proposito:
753 993 831 1019 non
857 978 941 1020 vult
966 979 1134 1020 inimicis
1160 979 1259 1021 tradi
1284 983 1321 1020 et

204 1067 251 1105 ad
272 1067 421 1118 Trojam
443 1067 587 1106 reverti.
616 1066 781 1106 Tandem
806 1056 1075 1118 Neoptolemus
1094 1054 1219 1106 victus
1246 1070 1323 1106 tam

202 1169 270 1195 sua
294 1156 437 1209 ingenii
463 1155 683 1195 liberalitate
708 1168 821 1207 quam
848 1154 951 1195 illius
974 1155 1193 1207 pertinacia,
1218 1168 1324 1208 para-

201 1246 285 1282 tum
311 1256 351 1282 se
373 1243 483 1290 dicit,
510 1246 555 1282 ut
575 1256 659 1282 eum
681 1243 728 1281 ad
763 1245 923 1294 patrem*
940 1243 983 1280 in
1012 1241 1239 1282 Thessaliam
1266 1255 1322 1281 re-

203 1330 330 1378 ducat3
358 1336 475 1382 quum
511 1333 633 1370 autem
668 1330 828 1371 declarat
853 1332 993 1370 metum
1026 1343 1156 1377 suum,
1178 1343 1227 1369 ne
1252 1329 1325 1369 hoc

201 1417 273 1456 sibi
295 1417 447 1456 crimini
467 1417 575 1456 detur
595 1426 826 1470 regnumque
837 1430 948 1456 suum
964 1417 1155 1457 devastent
1168 1417 1322 1465 Achivi,

201 1503 427 1543 Philoctetes
466 1506 501 1543 ei
536 1484 732 1556 pollieetur
758 1519 797 1544 se
818 1504 994 1544 Herculis
1023 1506 1172 1557 sagittis
1194 1506 1320 1545 hostes

200 1590 456 1643 repulsurum3
493 1604 571 1644 quo
610 1592 709 1630 facto
735 1591 1003 1644 Neoptolemus
1029 1606 1133 1640 eum,
1159 1593 1320 1632 salutata

200 1682 313 1725 terra,
338 1679 511 1730 progredi
532 1679 650 1729 jubet.

250 1766 375 1816 Atque
414 1766 469 1805 ita
503 1765 581 1816 jam
612 1764 756 1805 fabulae
778 1765 864 1804 finis
891 1768 986 1805 esset
1012 1766 1226 1818 impositus,
1254 1766 1318 1806 sed

198 1839 302 1900 talis,
340 1853 408 1905 qui
447 1864 516 1891 nec
555 1852 607 1890 rei
646 1851 822 1890 historiae
847 1864 916 1891 nec
947 1864 1137 1903 expressae
1163 1852 1317 1893 deorum

198 1940 386 1989 voluntati
425 1953 493 1979 nec
519 1934 613 1979 vero
632 1939 805 1986 consilio,
836 1934 911 1989 quo
936 1942 1043 1990 poeta
1070 1942 1320 1991 composm'sse

198 2026 360 2067 fabulam
383 2026 547 2075 videtur,
574 2028 802 2080 congrueret.

250 2115 293 2154 Si
329 2127 512 2165 uuquam,
547 2114 610 2153 hie
634 2128 722 2154 sane
745 2114 883 2166 dignus
909 2114 1060 2153 vindice
1077 2114 1199 2153 nodus
1222 2116 1318 2153 inci-

199 2201 272 2249 dit,
300 2205 344 2243 ut
365 2202 495 2243 mirere
519 2203 650 2251 fuisse,
676 2202 743 2254 qui
756 2200 857 2243 hune
865 2201 1043 2242 dramatis
1057 2202 1199 2242 exitum
1214 2203 1318 2261 inep-

196 2292 278 2330 tum
303 2289 526 2342 judicarent.
580 2291 630 2331 In
664 2288 725 2330 his
753 2289 828 2330 fuit
853 2284 1036 2328 Greverus
1062 2290 1137 2341 (1),
1164 2291 1231 2341 qui
1258 2294 1317 2329 to-

237 2456 279 2494 (1)
300 2454 340 2485 In
358 2455 590 2495 Programmate
605 2455 772 2493 inscripto:
795 2454 988 2494 Wiirdigung
1005 2454 1058 2484 der
1079 2454 1230 2493 ngiidie
1244 2455 1318 2486 Phi-

195 2511 293 2545 loktet
312 2513 364 2543 des
385 2512 554 2551 Sophokles
573 2512 607 2542 in
628 2512 827 2543 asthetiseher
845 2511 1008 2542 Einsichte
1022 2516 1080 2542 etc.
1094 2521 1157 2542 von
1170 2511 1205 2543 J.
1221 2512 1261 2543 P.
1278 2512 1317 2543 C.

197 2570 365 2608 oreatus,
377 2571 488 2601 Reecor
502 2570 662 2601 nil-Pron
677 2568 964 2609 ‹le-Gymnasium
974 2580 1012 2601 zu
1023 2569 1217 2609 oldenburg,
1228 2574 1317 2602 184⁰.

1154 2647 1172 2678 5
