1759 3182
972 399 1017 432 18

437 502 482 541 ab
517 501 651 562 Ulysse
686 504 723 540 et
750 501 896 541 Atridis
923 501 1020 541 hanc
1042 502 1217 554 injuriam
1243 516 1322 543 esse
1347 502 1556 555 profectam.

435 588 511 631 Qui
523 590 647 627 tamen
660 587 702 626 id
715 590 905 640 praesente
917 588 1048 640 Ajace,
1063 588 1273 628 Telamonis
1288 589 1384 638 filio,
1398 589 1477 629 fieri
1490 601 1556 641 po-

432 675 567 721 tuerit,
590 675 757 713 miratur.
811 676 906 714 Mox
933 679 977 714 ut
1003 675 1105 714 hunc
1129 677 1243 715 etiam
1269 680 1458 716 mortuum
1480 688 1557 715 esse

432 760 595 809 audivit,
623 761 749 801 acerbe
771 761 951 801 exclamat
966 776 973 800 :
1005 763 1083 801 nAt
1096 775 1172 801 non
1186 763 1326 801 mortui
1340 766 1430 801 sunt
1443 763 1556 801 nimi-

434 861 543 887 arum
571 848 690 899 Tydei
713 848 814 888 filius
837 863 955 900 neque
982 863 1002 888 a
1025 849 1185 902 Sisypho
1199 852 1304 888 ortus
1318 849 1551 888 Laertiades!

433 934 541 974 nHos
579 949 666 974 sane
689 936 813 975 vivere
839 950 916 975 non
938 936 1163 989 oportebat.''
1209 937 1427 975 Affirmante
1452 936 1554 976 Neo-

430 1022 607 1075 ptolemo,
636 1024 760 1062 vivere
782 1036 843 1062 eos
862 1027 899 1063 et
917 1036 1052 1077 magna
1074 1023 1194 1076 gratia
1206 1024 1247 1062 in
1261 1023 1426 1062 exercitu
1439 1023 1553 1061 Grae-

431 1124 558 1150 corum
580 1111 725 1158 florere,
751 1112 897 1162 quaerit
923 1124 1050 1163 porro,
1076 1110 1262 1162 quomodo
1285 1110 1423 1150 Nestor
1437 1124 1475 1149 se
1487 1109 1552 1149 ha-

427 1196 527 1245 beat3
569 1196 836 1250 Neoptolemus
875 1197 1091 1250 respondet,
1127 1211 1210 1237 eum
1242 1196 1447 1237 Antilocho
1474 1196 1552 1236 filio

426 1284 596 1323 orbatum
619 1298 706 1323 esse.

479 1374 620 1413 Tristes
642 1374 701 1412 illi
727 1375 860 1413 nuncii
883 1375 1046 1412 animum
1073 1373 1305 1413 Philoctetae
1330 1374 1550 1415 exacerbant

424 1463 461 1499 et
488 1460 616 1500 odium
644 1460 723 1513 ejus
750 1461 791 1499 in
813 1460 967 1500 Atridas
986 1463 1023 1499 et
1036 1459 1210 1520 Ulyssem
1222 1446 1382 1500 irritant.
1436 1461 1548 1500 Post-

423 1562 534 1599 quam
561 1551 684 1588 autem
710 1547 925 1587 Patroclum
951 1561 1097 1599 quoque
1119 1548 1373 1595 interfectum,
1400 1548 1549 1587 Thersi-

422 1638 486 1674 ten
506 1637 612 1682 ’νει-ο,
629 1634 852 1675 vilissimum
873 1634 1072 1683 hominem,
1094 1636 1135 1674 in
1150 1636 1247 1675 vivis
1261 1649 1339 1675 esse
1353 1636 1549 1689 cognovit,

423 1720 653 1762 vehementer
678 1722 846 1773 queritur
875 1721 919 1761 de
939 1722 1127 1774 injustitia
1140 1721 1321 1771 Deorum,
1347 1723 1413 1775 qui
1432 1723 1546 1762 malos

420 1814 458 1849 et
476 1812 644 1849 versutos
667 1809 834 1848 homines
861 1810 902 1848 in
921 1810 1000 1849 vita
1021 1810 1222 1857 retineant,
1249 1810 1382 1862 probos
1407 1824 1449 1850 ac
1464 1811 1546 1863 jus-

423 1901 482 1936 tos
505 1898 610 1936 ocius
639 1897 685 1935 ad
708 1897 845 1935 inferos
872 1897 1037 1935 mittant.

474 1985 549 2025 His
581 1963 750 2033 auditis,
774 1984 1040 2036 Neoptolemus
1069 1983 1162 2023 dicit
1193 1998 1232 2023 se
1254 1984 1411 2035 Scyrum
1453 1985 1546 2025 velle

422 2072 624 2119 discedere,
650 2072 717 2111 ubi
744 2072 785 2110 in
803 2071 987 2122 reliquum
1009 2074 1153 2123 tempus
1166 2085 1362 2111 mansurus
1377 2072 1543 2125 sit‚jam-

419 2175 492 2213 que
524 2161 624 2201 abire
651 2162 756 2213 parat
788 2173 830 2199 ac
861 2159 1091 2199 Philoctetae
1127 2159 1318 2221 valedicit,
1359 2164 1544 2212 precatus,

419 2253 465 2288 ut
491 2249 559 2288 Dii
586 2261 670 2287 eum
693 2250 834 2287 sanent.

471 2335 615 2374 Callide
626 2335 808 2374 nimirum
821 2334 863 2373 id
876 2334 1043 2381 simulat,
1057 2348 1120 2382 ne,
1135 2335 1167 2373 si
1190 2333 1290 2373 ultro
1314 2334 1543 2375 Philoctetae
1579 2386 1581 2389 Ι

419 2437 542 2464 secum
566 2422 726 2462 abeundi
741 2424 960 2474 potestatem
974 2422 1137 2468 offerret,
1163 2421 1226 2460 hie
1239 2423 1280 2461 in
1294 2423 1542 2475 suspicionem

416 2513 577 2565 aliquam
590 2512 732 2552 fraudis
746 2512 898 2552 veniret.
952 2489 1072 2550 Im'mo
1086 2509 1316 2551 Philoctetae
1333 2509 1540 2551 exorandus

412 2604 491 2641 erat
514 2599 797 2653 Neoptolemus,
825 2601 870 2638 ut
895 2611 938 2637 eo
961 2597 1095 2650 majore
1121 2597 1341 2639 beneficium
1364 2599 1447 2651 ejus
1473 2597 1539 2639 ha-
