1759 3182
700 368 745 406 57

164 477 389 518 Philoctetes
420 478 578 528 quaerit,
614 490 680 516 cur
714 477 862 517 tandem
888 490 926 516 se
948 478 1100 516 enecent
1127 474 1284 514 suaden-

166 566 230 612 do,
265 567 309 604 ut
343 566 384 604 in
422 566 580 605 invisam
605 566 802 618 'frojanam
824 569 956 605 terram
978 579 1017 604 se
1039 565 1127 604 duci
1162 565 1282 610 sinat3

165 652 266 704 quod
301 655 495 704 postquam
532 652 666 692 chorus
703 652 801 692 dixit
839 654 1022 705 optimum
1052 652 1124 692 sibi
1147 651 1283 699 videri,

169 752 291 791 aspere
311 740 375 779 ille
390 740 498 793 jubet
524 754 609 780 eum
637 740 829 780 discedere.
884 726 1087 792 Hocjussu
1100 741 1282 786 irritatus,

167 828 294 868 laetari
333 843 371 868 se
402 829 552 868 simulat
584 811 728 867 chorus.
781 829 868 871 Quo
906 828 971 868 ille
992 829 1140 876 audito,
1168 842 1284 880 quum

168 928 266 954 novo
287 915 407 954 morbi
431 916 573 966 impetu
596 914 753 953 cruciari
774 915 925 966 incipit,
958 927 1021 965 per
1044 915 1069 952 J
1071 928 1175 954 ovem
1198 929 1287 966 sup-

168 1005 303 1056 plicat,
329 1018 376 1043 ne
401 1004 547 1051 abeant3
574 1017 661 1042 mox
683 1003 856 1042 abeuntes
874 1004 953 1054 jam
976 1006 1072 1050 orat,
1098 1006 1143 1041 ut
1167 1016 1288 1042 rever-

170 1092 315 1137 tantur3
355 1088 660 1140 respondentibus
680 1091 816 1136 autem,
855 1103 893 1128 se
914 1088 1013 1127 nihil
1039 1088 1141 1127 aliud
1172 1089 1289 1127 facere

170 1177 245 1215 uisi
281 1176 381 1226 quod
414 1176 524 1214 modo
561 1176 606 1214 ab
638 1177 719 1227 ipso
741 1177 837 1227 jussi
869 1179 1006 1223 essent,
1032 1177 1178 1227 reponit
1216 1177 1289 1215 sibi

171 1278 247 1304 non
274 1278 351 1304 esse
377 1264 682 1312 succensendum,
710 1265 742 1304 si
764 1265 857 1316 quid
880 1265 1004 1305 dolore
1025 1266 1195 1318 abreptus
1228 1266 1291 1305 de-

171 1353 266 1392 liret.
320 1352 347 1390 J
348 1366 407 1392 am
438 1353 479 1390 in
511 1365 609 1404 spem
644 1352 747 1391 venit
770 1351 921 1399 chorus,
947 1352 1193 1391 Philoctetam
1218 1353 1291 1391 sibi

173 1440 451 1487 obsecuturum,
490 1453 644 1490 eumque
678 1439 848 1491 progredi
880 1439 997 1490 jubet.
1066 1441 1120 1478 At
1160 1441 1291 1478 statim

175 1526 239 1566 ille
275 1526 395 1566 denuo
429 1526 571 1565 iturum
607 1540 645 1565 se
682 1529 810 1578 negat,
850 1526 993 1565 etiarnsi
1034 1525 1182 1577 Jupiter
1213 1527 1292 1578 ipse

174 1613 330 1652 fulmine
365 1626 403 1651 se
437 1615 576 1651 exurat.
629 1611 754 1650 Perire
769 1587 891 1663 jubet
916 1612 1032 1650 Ilium
1068 1616 1104 1651 et
1132 1614 1291 1663 quicun-

176 1714 248 1751 que
287 1700 511 1738 Graecorum
547 1700 672 1750 ipsum
707 1699 755 1738 ob
786 1699 890 1750 pedis
925 1699 1063 1739 vulnus
1100 1699 1293 1739 destituis-

177 1789 268 1826 sent.
331 1785 462 1824 Unum
489 1788 613 1824 autem
640 1785 803 1837 hospites
826 1789 951 1838 rogat,
990 1789 1035 1825 ut
1062 1786 1212 1838 aliquod
1238 1782 1312 1826 te-‘

178 1874 259 1914 lum
295 1873 366 1913 sibi
401 1872 610 1925 praebeant,
663 1886 737 1924 quo
773 1887 840 1912 sua
879 1888 918 1913 se
958 1887 1071 1913 manu
1106 1874 1257 1927 jugulet
1285 1891 1291 1913 :

178 1964 333 2001 mortem
368 1974 407 1999 se
445 1963 628 2012 oppetere,
669 1962 713 1998 ut
750 1963 891 2011 patrem
927 1961 967 1999 in
1004 1961 1141 1999 inferos
1164 1975 1292 2012 sequa-

179 2053 252 2089 tur.
321 2048 494 2092 nQuibus
531 2048 630 2087 enim
667 2047 785 2086 oculis
796 2050 827 2095 ,⁷'
867 2048 1010 2098 inquit,
1035 2049 1214 2100 npatriam
1235 2062 1293 2088 re-

183 2137 357 2176 nvisurus
387 2149 469 2175 sum
495 2135 623 2182 miser,
663 2134 749 2185 qui,
780 2133 910 2173 relicto
933 2147 1036 2173 sacro
1058 2134 1137 2186 ejus
1169 2135 1294 2174 fiumi-

182 2237 271 2270 une,
309 2222 458 2274 perfidis
494 2222 645 2260 Graecis
683 2234 787 2272 opem
810 2221 910 2259 tuli?
953 2221 1052 2260 Perii
1075 2222 1248 2260 funditus
1259 2222 1293 2260 !''

182 2309 257 2350 His
294 2309 426 2357 dictis,
465 2310 507 2348 in
533 2311 682 2349 antrum
710 2322 748 2347 se
772 2308 920 2360 recipit3
963 2308 1095 2348 chorus
1117 2309 1296 2349 frustrata

184 2408 247 2449 spe
261 2397 423 2448 reponit,
450 2410 488 2435 se
508 2395 731 2448 jamdudum
754 2395 801 2434 ad
826 2408 958 2435 navem
985 2396 1173 2435 abiturum
1201 2397 1296 2435 fuis-

183 2498 238 2534 se,
262 2485 338 2524 nisi
372 2483 545 2535 Ulyssem
572 2486 610 2523 et
632 2482 918 2534 Neoptolemum
947 2483 1180 2524 advenientes
1205 2497 1296 2523 eon-

185 2574 371 2626 spexisset.
