1759 3182
1010 359 1056 392 80

471 469 560 507 alias
599 469 714 506 κακὰν
761 471 865 522 φάτιν
906 470 999 521 τινί,
1041 470 1189 524 ἐχθροῖς
1237 472 1356 516 πόνους
1397 471 1507 525 αἴρειν
1533 471 1591 510 vel

467 538 632 617 αἴρεσθαι
663 562 785 602 dicere
800 562 926 603 soleat
980 563 1121 603 Contra
1140 563 1378 616 Hartungius
1400 565 1590 615 rectequi-

467 649 549 689 dem
567 663 644 689 non
670 664 763 703 opus
789 664 868 707 esse
889 650 1144 691 emendatione
1161 650 1228 690 illa
1249 651 1361 699 dicit,
1387 652 1453 692 sed
1474 665 1589 705 quum

465 742 587 795 βαλεῖς
612 744 676 783 hic
711 745 809 785 idem
836 746 1047 799 signifioare
1072 746 1173 793 vult,
1200 746 1302 797 quod
1324 745 1447 790 θήσεις
1473 748 1519 785 ut
1548 747 1589 785 in

462 836 717 876 locutionibus
743 835 925 892 κρηπῖδα,
967 839 1111 893 ἀρχὴν,
1162 838 1326 894 εἰρήνην,
1376 838 1587 890 συνθεσίας,

462 932 562 985 φόνον
590 929 733 984 βαλεῖν,
765 930 790 970 i.
818 946 848 972 e,
875 931 1033 972 condere
1060 933 1255 985 (qrio'nden)
1272 962 1282 980 ,
1319 944 1396 971 non
1423 931 1588 971 animad-

462 1020 596 1066 vertit,
628 1019 694 1058 has
722 1020 905 1059 dictiones
932 1024 1079 1059 nostrae
1104 1033 1181 1059 non
1207 1033 1285 1060 esse
1306 1018 1455 1059 similes.
1509 1019 1588 1059 Hic

462 1110 610 1164 βάλλειν
634 1112 759 1153 eodem
788 1094 899 1153 sensu
934 1114 1191 1166 accipiendum
1220 1127 1295 1165 quo
1330 1114 1509 1153 Latinum
1530 1116 1585 1166 fi-

456 1215 543 1252 qere
569 1215 637 1254 pro
663 1202 834 1254 infiqere,
860 1203 1038 1255 defigere,
1063 1205 1108 1242 ut
1134 1205 1264 1255 poetae
1289 1201 1446 1241 dicunt:
1467 1203 1585 1254 fiqere

461 1290 612 1343 aliquid
636 1291 775 1338 animo,
794 1293 913 1343 figere
938 1291 1059 1330 alicui
1083 1291 1276 1330 maculam.

511 1383 559 1422 V.
588 1385 757 1423 46—47.
783 1382 831 1429 ὡς
859 1382 996 1437 μᾶλλον
1026 1383 1072 1422 ἂν
1102 1382 1213 1424 ἕλοιτο
1243 1379 1305 1437 μ’ἒι
1336 1382 1411 1429 τοὺς
1452 1386 1585 1429 πάντας

458 1472 637 1531 Ἀργείους
666 1474 804 1529 λαβεῖν.

511 1564 609 1603 Cum
644 1565 795 1616 optimis
823 1564 945 1611 libris,
980 1568 1024 1603 ut
1046 1565 1112 1602 La.
1139 1564 1209 1603 Lb.
1236 1564 1302 1603 Lc.
1329 1564 1375 1602 R.
1401 1564 1447 1602 V.
1470 1564 1515 1602 Β.
1539 1564 1581 1602 Τ.

457 1658 501 1697 Τ.
524 1671 591 1710 pro
613 1657 766 1710 vulgata
789 1655 907 1710 μολεῖν
926 1655 1161 1696 scribendum
1187 1653 1328 1708 λαβεῖν;
1362 1656 1424 1696 cui
1446 1657 1583 1697 frustra

447 1754 650 1798 ‚obnititur
677 1753 914 1792 Hermannus
938 1752 983 1790 ad
1002 1751 1037 1790 h.
1061 1751 1085 1789 l.
1139 1751 1310 1789 Fortasse
1341 1750 1438 1789 illud
1464 1749 1582 1803 μολεῖν

460 1848 591 1886 'natum
618 1849 674 1885 est
701 1860 746 1884 ex
772 1841 921 1898 μ’ὀλεῖν,
963 1845 1064 1896 quod
1104 1849 1279 1896 tanquam
1324 1847 1579 1897 interpretatio

454 1938 649 1979 verborum
676 1934 899 1992 μ’-λαβεῖν
938 1939 979 1978 in
1002 1939 1170 1991 margine
1195 1941 1384 1987 notatnm,
1411 1939 1499 1978 inde
1538 1940 1578 1978 in

450 2029 596 2067 textum
622 2028 819 2079 irrepserit.

504 2207 551 2246 V.
581 2209 642 2246 81.
696 2202 777 2246 ἀλλ’
811 2204 880 2250 ἡδὺ
909 2208 982 2261 γάρ
1012 2174 1076 2246 τοιΙ
1093 2211 1210 2260 κτῆμα
1241 2212 1301 2252 τῆς
1330 2207 1423 2252 νίκης
1440 2205 1578 2259 λαβεῖν.

504 2301 605 2339 Male
644 2300 912 2340 Wakefieldius
949 2301 1170 2352 conjunxit:
1207 2304 1267 2345 τῆς
1303 2300 1396 2345 νίκης
1426 2298 1551 2354 λαβεῖν
1564 2331 1574 2351 ,

449 2388 570 2439 qualis
587 2389 819 2429 constructio
832 2389 920 2427 ferri
933 2402 1010 2427 non
1023 2391 1156 2440 potest.
1209 2388 1442 2427 Buttmanno
1455 2391 1576 2428 struc-

448 2484 534 2521 tura
559 2483 614 2522 ita
640 2482 873 2522 instituenda
899 2482 1118 2523 videbatur:
1144 2478 1217 2525 ἡδὺ
1240 2486 1358 2535 κτῆμα
1378 2485 1437 2527 τῆς
1467 2481 1576 2532 νίκης,

448 2573 598 2626 λαβεῖν,
639 2578 705 2626 qui
742 2577 956 2616 infinitivus
1009 2577 1104 2615 foret
1139 2576 1227 2615 talis
1254 2574 1376 2626 qualis
1403 2574 1445 2613 in
1471 2572 1573 2618 καλὸς
