1759 3182
1000 387 1048 421 94

464 491 550 530 olim
565 491 641 543 jam
664 489 893 530 Matthaeius
920 492 1131 543 suspicatus
1144 494 1250 531 esset.
1291 493 1457 532 Omnino
1470 491 1587 531 Scho-

463 584 572 622 liasta
610 584 874 634 interpretatus
909 587 966 622 est
1018 588 1078 628 τῆς
1107 583 1357 638 προςηγορίαςς
1403 581 1588 623 verumta-

459 685 544 711 men
569 669 641 710 hoc
676 650 843 711 sufficere
881 671 1037 722 nequit,
1063 672 1109 710 ut
1132 670 1455 711 consentientibus
1481 672 1588 712 libris

459 759 517 798 vis
531 758 723 798 inferatur.
777 758 868 797 Non
892 770 985 810 opus
999 759 1078 797 erat
1089 756 1286 799 ,Wundero
1302 788 1312 806 ,
1331 760 1375 798 ut
1402 757 1589 810 Hesychi-

439 847 524 890 ‘um
546 855 584 891 et
610 851 829 904 Euripidem
870 853 1018 899 citaret,
1050 865 1126 903 quo
1153 851 1382 898 ostenderet,
1417 851 1590 905 ἁμαρτά-

459 957 528 983 νειν
554 944 665 983 etium
702 958 745 984 eo
786 958 862 996 quo
903 945 1000 985 vult·
1032 959 1143 985 sensu
1175 958 1260 984 cum
1282 943 1450 997 genitivo
1474 939 1588 996 jungi

458 1031 595 1071 solere:
622 1031 694 1071 hoc
720 1032 871 1083 quidem
898 1045 1006 1071 nemo
1042 1031 1203 1085 negabit.
1251 1031 1323 1071 Sed
1353 1044 1438 1070 cum
1463 1043 1587 1069 accus.

453 1121 632 1171 junctum
655 1121 849 1160 invenitur
876 1121 988 1160 etiam
1004 1121 1104 1173 apud
1131 1120 1365 1160 Herodotum
1384 1119 1476 1158 VH.
1498 1120 1586 1158 139.

458 1215 481 1250 6
499 1224 506 1248 :
521 1212 582 1251 οὐκ
598 1211 645 1251 ἂν
661 1213 860 1267 ἁμαρτάνοι
879 1209 1060 1265 τ’ἀληθές,
1077 1213 1123 1252 ad
1137 1227 1248 1264 quem
1262 1213 1387 1252 locum
1400 1212 1587 1264 Schweig-

456 1298 637 1338 hfiuserus
676 1302 806 1338 contra
842 1298 1155 1339 Valckenaerium
1197 1302 1234 1338 et
1273 1299 1490 1347 Reiskium,
1517 1300 1584 1351 qui

456 1388 644 1436 τ’ἀληὲοῦς
671 1391 785 1430 scribi
812 1391 965 1442 jubent,
992 1394 1091 1429 recte
1122 1394 1249 1429 monet
1278 1391 1319 1428 in
1343 1391 1585 1429 consensione

455 1479 638 1519 librorum
682 1478 780 1517 nihil
826 1478 901 1517 tale
941 1478 1069 1518 debere
1102 1478 1147 1517 ab
1189 1477 1395 1518 editoribus
1434 1479 1584 1518 mutari.

456 1566 554 1604 Vide
581 1565 779 1605 Matthiaei
808 1565 873 1603 Gr.
897 1565 962 1603 Gr.
994 1565 1028 1615 ᾗ.
1058 1566 1156 1611 332,
1184 1563 1268 1602 coll.
1297 1565 1331 1615 ᾧ.
1355 1566 1444 1602 421.
1472 1566 1517 1603 A.
1548 1567 1582 1602 2.

455 1654 629 1694 Kiihneri
656 1654 722 1693 Gr.
745 1654 810 1692 Gr.
838 1652 949 1704 ampl.
975 1653 1008 1703 ᾧ.
1038 1654 1125 1691 513.
1156 1654 1178 1690 3
1202 1655 1240 1692 et
1262 1653 1307 1690 A.
1337 1655 1372 1691 2.

505 1850 551 1888 V.
581 1853 668 1889 243.
696 1848 734 1897 ἐξ
766 1846 871 1889 Ἰλίου
904 1864 955 1889 τοι
987 1847 1035 1892 δὴ
1066 1852 1169 1888 τανῦν
1198 1863 1239 1902 γε
1271 1848 1463 1889 ναυστολῶ.

503 1943 704 1981 Librorum
732 1944 953 1994 scripturam
977 1941 1071 1985 δῆτα
1102 1946 1160 1981 νῦν
1192 1942 1459 1988 Buttmannus,
1473 1955 1575 1992 prae-

451 2030 562 2069 eunte
588 2028 789 2081 Burgessio
815 2029 857 2068 in
884 2027 1168 2069 Commentariis
1205 2029 1271 2081 qui
1298 2028 1578 2067 inscribuntur:

449 2116 630 2154 Classical
656 2116 840 2163 Journal,
863 2117 949 2155 fasc.
980 2117 1035 2155 Π.
1058 2130 1092 2168 p.
1118 2118 1212 2163 330,
1239 2118 1337 2154 recte
1363 2115 1574 2154 emendavit

450 2209 606 2261 legendo
648 2207 696 2251 δὴ
743 2212 866 2260 τανῦν,
896 2210 1005 2259 >quia
1031 2208 1213 2260 particula
1251 2206 1345 2251 δῆτα
1371 2188 1577 2254 fortiorem,

451 2308 562 2346 quam
590 2295 654 2334 hic
680 2296 766 2335 ferri
793 2297 932 2348 potest,
979 2296 1281 2334 asseverationem
1304 2296 1421 2333 notat.

429 2391 438 2399 “
503 2383 594 2422 Non
631 2386 753 2423 autem
793 2383 922 2430 video,
959 2396 1034 2433 quo
1052 2383 1138 2434 jure
1161 2381 1417 2428 Hemannm,
1453 2380 1578 2420 eodem

450 2476 653 2528 Burgessio
694 2478 867 2523 auctore,
921 2476 978 2515 τοί
1024 2476 1069 2515 ab
1108 2475 1180 2514 hoc
1215 2476 1298 2514 loco
1340 2473 1501 2513 alienum
1541 2475 1578 2510 et

451 2580 517 2618 pro
557 2567 628 2607 hoc
667 2563 733 2622 ’γώ
778 2567 1015 2607 scribendum
1045 2570 1207 2616 censeat,
1234 2567 1335 2619 quod
1362 2566 1424 2606 hic
1450 2565 1577 2605 minus
