1759 3182
997 390 1041 423 86

512 499 569 535 Ac
604 497 764 547 primum
798 494 953 548 quidem>
983 497 1084 535 recte
1117 493 1332 532 Wunderus
1368 492 1476 532 verba
1510 491 1576 530 illa

460 601 576 639 neque
611 601 696 627 cum
732 586 822 641 μόλῃ
856 600 977 639 neque
1011 601 1097 627 cum
1133 584 1249 632 ὁδίτης
1280 586 1474 640 jungenda
1500 599 1577 626 esse

457 674 662 713 ostendisse
683 674 776 713 mihi
799 674 965 722 videtum
992 674 1094 725 quod
1121 674 1168 713 ad
1195 674 1402 715 Hermanni
1415 674 1576 736 explica-

455 741 595 800 tionem
623 762 774 809 attinet,
803 761 1045 801 demonstrari
1071 761 1263 814 oportebat
1294 761 1476 801 Graecum
1501 776 1580 801 esse

457 851 574 897 ὁδίτης
603 852 642 891 ἐκ
673 856 742 892 τῶν
775 852 967 907 μελάθρων
993 867 1060 905 pro
1086 854 1189 893 antri
1213 853 1354 901 incola,
1380 853 1445 905 qui
1471 867 1516 892 ea·
1538 868 1579 893 eo

457 942 571 985 abiit,-
610 954 657 979 ne
692 941 724 979 si
762 940 944 980 articulus
981 940 1128 992 quidem
1166 940 1340 987 addatur,
1375 939 1450 979 tale
1483 940 1575 991 quid

455 1029 553 1066 recte
576 1027 651 1066 dici
661 1040 767 1079 posse
782 1027 941 1067 videtur.
969 1027 1116 1067 Deinde
1128 1041 1232 1074 vero,
1256 1028 1287 1066 si
1302 1041 1378 1066 non
1392 1026 1576 1080 ingredi

453 1118 601 1154 antrum
610 1115 727 1166 jussit
741 1114 1007 1166 Neoptolemus
1022 1114 1232 1161 choreutas,
1259 1114 1387 1153 saltem
1399 1116 1445 1153 ut
1458 1114 1575 1153 vise-

454 1208 574 1252 rent,
590 1218 650 1243 eos
674 1206 872 1253 invitavit,
887 1220 920 1245 v.
944 1208 1021 1244 144
1037 1220 1044 1244 :
1062 1210 1120 1245 νῦν
1139 1205 1201 1260 μὲν
1220 1206 1299 1251 ἴσως
1310 1206 1382 1261 γὰρ
1401 1207 1503 1246 τόπον
1518 1226 1576 1232 —

454 1296 729 1352 προςιδεΐν”
747 1297 878 1343 ἐθέλεις
900 1302 1013 1338 ὅντινα
1042 1300 1173 1351 κεῖται,
1208 1297 1384 1353 δέρκου
1412 1301 1573 1355 θαρσῶν.

453 1386 558 1436 Num
580 1386 651 1423 hoc
674 1399 716 1423 eo
738 1389 887 1424 tantum
910 1390 1126 1437 spectasset,
1149 1390 1194 1425 ut
1217 1386 1403 1425 choreutis
1427 1389 1576 1426 antrum

453 1472 567 1511 foris
605 1471 792 1524 adspicere
818 1472 1011 1512 licuisset?
1066 1474 1187 1512 Immo
1214 1473 1422 1526 spectandi,
1449 1473 1576 1524 itaque

452 1559 670 1597 introeundi
707 1561 814 1598 venia
851 1559 978 1606 datur,
1015 1560 1127 1598 simul
1158 1573 1243 1598 vero
1275 1562 1491 1606 monentur,
1531 1573 1578 1598 ne

454 1646 599 1685 diutius
636 1646 678 1684 in
715 1659 757 1684 eo
794 1648 1084 1693 commorentur,
1120 1646 1209 1697 quia
1240 1645 1446 1698 periculum
1484 1649 1576 1693 erat,

452 1747 500 1772 ne
527 1732 653 1771 subito
680 1731 870 1771 adveniret
896 1731 1131 1771 Philoctetes.

508 1819 583 1858 His
619 1820 772 1858 monitis
804 1818 1032 1858 Scholiastae
1057 1820 1289 1871 praeferenda
1316 1823 1372 1859 est
1398 1821 1576 1872 interpre-

453 1913 547 1951 tatio
576 1927 583 1950 :
612 1914 669 1950 νῦν
695 1912 759 1965 μέν
764 1941 778 1964 ,
809 1925 923 1965 φησιν,
956 1910 1120 1956 εἰςελθὼν
1154 1914 1218 1966 ὅρα
1252 1911 1309 1952 τὸν
1341 1914 1455 1952 τόπον·
1488 1912 1578 1952 ἐπὰν

452 2004 495 2045 δὲ
542 2004 653 2060 ἔλθῃ,
697 1975 772 2046 τότε
808 2004 851 2045 σὺ
890 2008 960 2046 τῶν
994 2005 1185 2061 μελάθρων
1218 2006 1375 2051 ἀποστὰς
1418 2005 1577 2061 ὑπηρέτει

453 2099 535 2155 πρὸς
566 2101 628 2143 τὴν
664 2104 843 2154 παροῦσαν
880 2099 1018 2154 χρείαν.
1074 2099 1173 2138 Tum
1201 2114 1208 2138 ε
1236 2102 1348 2155 ὥςπερ
1385 2098 1455 2153 ἐγὼ
1483 2116 1577 2155 προ-

453 2196 585 2248 χωρῶ,
634 2194 738 2237 οὕτως
785 2191 993 2231 ἀκολουθῶν
1034 2195 1145 2247 πειρῶ
1180 2206 1224 2246 με
1261 2192 1467 2247 θεραπεύειν
1502 2193 1573 2232 ἀεί.

453 2286 660 2341 Προχωρῶν
700 2286 762 2324 hic
798 2285 947 2337 proprio
987 2288 1208 2337 usurpatum
1236 2285 1453 2337 significatu
1479 2298 1577 2337 pro-

452 2372 659 2419 cedendi,
695 2372 754 2411 uti
795 2371 934 2411 Herod.
972 2370 1065 2410 VII.
1089 2373 1153 2410 50.
1178 2374 1212 2411 2.
1241 2371 1360 2411 Thuc.
1383 2372 1460 2411 III.
1484 2373 1576 2411 111.

451 2462 541 2499 Eur.
569 2460 707 2499 Phoen.
747 2462 860 2498 1272.
899 2459 986 2497 Cffr.
1011 2459 1209 2498 Banmlein
1232 2444 1278 2497 *in
1306 2459 1441 2506 diario,
1473 2458 1575 2510 quod

451 2548 672 2587 inscribitur
700 2562 707 2586 ε
742 2546 957 2587 Zeitschrift
1007 2547 1031 2585 f.
1068 2546 1102 2585 d.
1143 2545 1419 2586 Alterthumsw.
1459 2547 1576 2585 1845.

453 2635 581 2686 Suppl.
609 2648 643 2686 p.
674 2636 734 2673 15.
761 2636 799 2673 et
827 2633 1066 2685 Hartungius
1095 2632 1151 2671 ad.
1179 2632 1214 2671 h.
1237 2633 1261 2671 1.
