1759 3182
760 348 807 387 25⁴

219 454 266 493 ab
304 452 442 505 Ulysse
481 454 741 508 sejungantur3
773 457 1017 509 opportunam
1053 455 1154 494 enim
1190 454 1355 494 festina-

218 542 378 590 tionem,
404 544 534 582 exacto
559 542 699 591 labore,
723 542 887 594 requiem
912 543 1048 582 afferre.
1074 522 1344 594 Neoptolemus

219 603 306 668 enm
332 632 476 677 monet,
501 633 657 671 ventum
683 642 762 669 esse
783 629 1023 669 eontrarium.
1062 627 1197 668 Nihilo
1223 614 1345 667 secius

220 714 429 756 Philocteta
454 717 641 769 proficisci
665 719 791 769 urget3
809 698 1015 755 secundam
1040 728 1118 755 esse
1139 714 1344 766 quamlibet

221 805 515 857 navigationem,
550 818 625 857 qua
659 795 744 856 quis
766 803 864 844 mala
888 804 1053 857 effugiat.
1105 802 1260 843 Talibus
1285 817 1344 842 ra-

221 891 389 933 tionibus
422 892 554 932 cedens
588 890 858 944 Neoptolemus
892 892 947 931 ire
978 890 1160 938 decernit,
1194 891 1228 930 si
1253 890 1345 930 Phi-

221 978 359 1017 locteta
384 978 488 1030 prius
518 990 576 1017 res
603 991 690 1017 suas
712 991 759 1018 ex
782 976 893 1017 'antro
915 977 1119 1017 abstulerit.
1173 977 1251 1016 Hic
1269 991 1348 1017 esse

222 1065 279 1106 ibi
305 1064 402 1105 dicit
431 1065 523 1105 folia
547 1065 745 1117 quaedam,
782 1079 944 1117 quorum
964 1078 1033 1118 ope
1052 1064 1218 1109 vulneris
1242 1065 1347 1106 dolo-

227 1164 305 1192 rem
328 1139 536 1206 mitigaret;
558 1153 648 1192 item
670 1152 703 1191 si
725 1152 829 1204 quid,
842 1152 944 1205 quod
956 1152 1004 1192 ad
1017 1165 1143 1192 arcum
1152 1153 1346 1205 pert-ineat,

225 1240 399 1281 relictum
427 1241 500 1288 sit,
524 1241 565 1279 id
588 1245 775 1292 asportare
799 1241 903 1281 velle.
955 1241 1079 1285 -Quod
1102 1241 1167 1280 hic
1193 1241 1238 1280 de
1260 1255 1348 1280 arcu

225 1328 453 1368 mentionem
475 1327 618 1380 injicit,
644 1329 831 1367 attentum
845 1327 938 1367 facit
949 1325 1256 1380 Neoptolemum,
1284 1325 1349 1365 da-

227 1417 338 1465 taque
365 1411 427 1453 'ita
457 1415 736 1466 opportunitate
769 1415 930 1466 quaerit,
978 1428 1071 1454 num
1110 1414 1173 1454 hic
1201 1416 1253 1454 sit
1287 1416 1347 1454 in-

228 1500 352 1552 clytus
378 1499 443 1540 ille
468 1514 593 1549 arcus,
618 1514 729 1552 quem
744 1505 859 1541 manu
877 1503 996 1549 tenet,
1016 1501 1184 1553 petitque
1204 1504 1248 1542 ut
1274 1502 1347 1543 sibi

227 1602 312 1628 eum
353 1589 395 1626 in
422 1578 555 1627 manus
594 1600 739 1627 sumere
770 1590 808 1626 et
839 1587 1003 1626 venerari
1037 1589 1216 1638 tanquam
1240 1588 1349 1628 deum

227 1675 348 1713 liceat.
387 1673 566 1713 Libenter
592 1673 663 1712 hoc
686 1673 744 1712 illi
772 1673 944 1713 concedit
962 1673 1189 1722 Philocteta,
1215 1676 1351 1727 quippe

231 1761 293 1800 cni
320 1760 388 1799 uni
423 1759 495 1799 hoc
523 1759 667 1807 debeat,
702 1762 747 1799 ut
773 1759 948 1801 Oetaeam
974 1762 1110 1801 terram
1137 1763 1352 1813 patremque

230 1861 353 1888 senem
376 1850 414 1887 et
441 1847 579 1886 amicos
602 1847 653 1886 sit
675 1847 862 1887 revisurus
887 1850 926 1886 et
947 1847 994 1887 ab
1007 1848 1248 1888 inimicorum
1262 1849 1350 1889 odio

230 1934 431 1974 incolumis
466 1935 627 1973 futurus.
680 1933 812 1973 Licere
835 1947 923 1987 ergo
948 1935 1194 1987 Neoptolemo
1221 1949 1349 1976 arcum

230 2022 272 2060 in
307 2034 441 2060 manus
480 2033 625 2081 sumere
660 2023 772 2072 atque
805 2021 974 2075 gloriari,
1010 2022 1114 2074 quod
1139 2023 1241 2063 solus
1268 2037 1350 2064 om-

229 2109 338 2149 nium
362 2108 577 2149 mortalium
603 2108 652 2148 ob
674 2109 853 2150 virtutem
866 2123 971 2150 suam
985 2109 1087 2150 huuc
1100 2115 1352 2153 contrectave-

230 2198 292 2237 rit.
318 2198 461 2237 Orante
485 2197 620 2236 deinde
644 2196 871 2245 Philocteta,
890 2200 934 2236 ut
955 2198 998 2237 in
1016 2201 1166 2238 antrum
1180 2213 1220 2238 se
1232 2202 1350 2239 comi-

230 2287 348 2334 tetur,
373 2288 544 2338 paratum
557 2299 596 2325 se
614 2284 780 2324 ostendit
797 2284 1085 2337 Neoptolemus:
1111 2286 1223 2325 amici
1248 2288 1351 2327 enim

232 2388 309 2415 esse
334 2374 554 2430 beneficium
577 2386 644 2426 pro
676 2372 855 2412 beneficio
888 2372 1045 2412 reddere.
1111 2373 1214 2412 Hinc
1242 2374 1350 2414 ambo

231 2465 378 2502 antrum
401 2462 604 2500 introeunt.
