1759 3182
967 347 1010 380 58

897 453 1064 487 ΕΞΟΔΟΣ.

801 559 866 598 Vs.
896 562 1168 601 1194—1443.

476 716 592 755 Nunc
626 729 711 756 vero
746 730 843 757 nova
881 720 919 757 et
944 718 1197 770 inexspectata
1224 705 1412 759 flt'rerum
1440 732 1543 760 com-

423 804 593 843 mutatio.
647 804 804 844 Diversa
837 818 858 843 a
883 807 986 856 parte
1012 804 1194 844 accedunt
1219 804 1373 855 Ulysses
1399 808 1436 844 et
1462 806 1541 845 Ne-

421 892 628 943 optolemus
662 906 669 930 :
711 892 803 931 alter
838 892 961 931 sedate
1000 892 1228 944 ingrediens,
1269 892 1361 931 alter
1390 905 1541 946 propere

421 992 587 1028 currens3
630 979 774 1019 diverso
811 982 965 1030 uterque
1001 979 1173 1026 consilio,
1213 978 1383 1029 Ulysses,
1409 981 1453 1018 ut
1479 980 1538 1018 in-

419 1069 525 1117 cepta
552 1069 735 1117 properet,
771 1066 1036 1117 Neoptolemus
1063 1078 1166 1112 vero,
1193 1038 1421 1103 fallaciarum
1452 1065 1537 1115 qui-

416 1154 486 1192 bus
522 1153 770 1192 Philoctetam
812 1154 1100 1192 circumvenerat
1139 1156 1343 1204 pertaesus,
1381 1154 1426 1190 ut
1463 1151 1538 1190 tela

414 1240 474 1279 illi
512 1239 660 1289 reddat,
702 1240 872 1291 quamvis
898 1239 969 1279 hoc
996 1240 1095 1278 facto
1122 1239 1271 1279 Graecis
1304 1238 1536 1292 irreparabile

415 1330 592 1367 damnum
619 1331 714 1367 esset
734 1328 917 1366 illaturus.
971 1327 1027 1365 Ut
1052 1327 1161 1365 ambo
1181 1327 1254 1365 sibi
1267 1326 1411 1365 obviam
1425 1340 1534 1365 vene-

411 1429 467 1464 re,
493 1415 648 1467 Ulysses
675 1429 696 1454 a
715 1413 961 1466 Neoptolemo
988 1413 1218 1461 sciscitatur,
1246 1413 1338 1464 quid
1365 1416 1441 1454 tam
1460 1414 1533 1453 fes-

411 1503 577 1540 tinanter
602 1500 677 1539 huc
704 1501 851 1539 currat?
880 1500 1113 1551 Respondet,
1137 1514 1176 1539 se
1188 1501 1313 1539 venire
1326 1500 1372 1538 ad
1387 1499 1531 1552 culpam

410 1588 647 1641 expiandam,
675 1601 784 1638 quam
803 1590 909 1627 antea
932 1588 1188 1627 commisisset.
1226 1588 1299 1627 His
1321 1588 1432 1627 dictis
1456 1589 1530 1627 sol-

407 1676 576 1715 licitatus
608 1675 780 1727 Ulysses,
802 1675 880 1727 jam
909 1675 1100 1727 suspicans
1137 1675 1228 1727 quid
1251 1676 1383 1728 agitet,
1410 1675 1528 1727 quod-

405 1777 492 1802 nam
515 1765 566 1802 sit
588 1763 685 1801 illud
706 1765 896 1813 peccatum
924 1763 1017 1800 scire
1039 1763 1153 1813 cupit.
1207 1762 1278 1801 Ille
1300 1765 1423 1813 aperto
1447 1764 1528 1801 ani-

404 1862 466 1889 mo
502 1851 539 1888 et
575 1847 762 1901 intrepido
795 1847 993 1899 deliquisse
1024 1861 1062 1887 se
1088 1848 1241 1896 fatetur,
1268 1848 1369 1899 quod
1395 1848 1525 1900 Ulyssi

405 1939 615 1987 cunctoque
640 1936 819 1975 exercitui
839 1935 1104 1988 morigeratus,
1129 1936 1232 1987 turpi
1246 1935 1374 1974 fraude
1387 1948 1430 1974 ac
1443 1949 1524 1988 per-

403 2024 493 2063 fidia
527 2023 697 2062 fefellerit
723 2023 987 2069 Philoctetam,
1014 2023 1243 2083 affirmatque
1265 2036 1304 2061 se
1321 2036 1446 2061 arcum
1472 2025 1523 2070 ei,

403 2110 465 2149 cui
489 2109 706 2156 detraxerit,
732 2089 977 2148 redditurum.

452 2196 598 2236 Multae
633 2195 721 2235 inde
752 2196 1017 2235 altercationes.
1050 2196 1203 2248 Ulysses
1229 2197 1392 2236 minatur
1418 2198 1519 2237 Neo-

398 2283 561 2337 ptolemo
584 2284 764 2323 ultionem
788 2284 1028 2332 Graecorum;
1064 2283 1126 2323 hic
1153 2286 1299 2337 reponit
1325 2299 1363 2324 se
1390 2300 1518 2338 parum

397 2386 475 2412 eam
504 2386 645 2420 curare3
683 2372 747 2412 ille
777 2386 895 2423 neque
921 2372 1085 2411 sollerter
1110 2385 1228 2424 neque
1253 2374 1437 2425 sapienter
1463 2375 1517 2413 fa-

397 2474 477 2500 cere
511 2461 796 2512 Neoptolemum
831 2461 971 2511 arguit3
1014 2460 1077 2497 hic
1112 2461 1311 2510 sapientiae
1341 2461 1519 2511 praeferre

396 2561 434 2588 se
461 2547 647 2600 justitiam
685 2546 786 2587 dicit.
842 2545 893 2586 Vi
934 2560 972 2586 se
1011 2559 1135 2586 arcum
1167 2549 1375 2598 erepturum
1402 2546 1516 2598 Ulys-
