1759 3182
729 376 772 412 ⁷1

187 480 379 528 ⁴tetulerat3
418 481 554 533 quippe
592 482 657 532 qui
684 481 856 522 humanis
889 484 1080 523 affectibus
1116 486 1311 530 commoti,

188 581 295 608 suam
336 569 445 608 unice
479 568 728 618 voluntatem,
765 583 872 610 suum
909 560 1163 618 commodum,
1199 585 1307 610 suum

190 656 357 694 studium
388 656 562 695 odiumne
593 660 815 708 spectantes,
850 657 891 695 id
926 658 1028 708 quod
1054 672 1075 696 a
1102 659 1176 696 diis
1202 672 1306 709 prae-

188 748 335 796 ceptum
361 749 438 785 erat
460 722 718 798 neglexissent.
751 745 867 785 Nunc
889 759 974 785 vero
1000 747 1134 785 moniti
1162 746 1308 785 discent

187 833 229 871 in
248 835 456 884 ssposterum
491 832 577 872 deos
603 834 733 872 -vereri
771 833 892 884 iisque
931 833 1098 872 debitum
1130 834 1305 874 honorem

172 894 367 966 'tribuere4
396 922 670 971 ‘agnoscentes‚'
703 919 851 957 deorum
893 932 1030 958 numen
1065 922 1167 959 omni
1201 922 1244 959 in
1270 935 1309 960 re

189 1005 369 1044 dominari
402 1008 439 1044 et
470 1005 637 1043 homines
674 1007 809 1043 servire
847 1005 1003 1044 deorum
1042 1006 1227 1053 consiliis,
1253 1008 1307 1046 ita

188 1095 232 1132 ut
258 1106 321 1145 per
347 1092 496 1131 illorum
509 1092 771 1139 ‚ministerium
800 1091 952 1131 deorum
976 1092 1149 1132 voluntas
1168 1096 1206 1133 et
1220 1107 1309 1133 con-

187 1179 317 1219 silium
340 1180 551 1232 perficiatur
580 1180 649 1232 (1).

239 1269 372 1319 Itaque
411 1253 650 1314 sententiam,
685 1281 796 1318 quam
832 1270 939 1319 poeta
977 1270 1106 1306 nostro
1148 1267 1309 1307 dramate

187 1355 407 1408 exposuerit,
435 1336 672 1394 hanc-fuisse
698 1354 869 1393 existimo
897 1368 905 1392 :
933 1353 1163 1393 humanam
1189 1368 1307 1394 men-

189 1446 299 1489 tem,
349 1443 556 1493 quamvis
584 1454 635 1480 ex
657 1441 883 1479 hominum
906 1441 1087 1492 judicio
1110 1455 1221 1492 pura
1247 1445 1309 1480 at-

186 1544 270 1581 que
296 1530 478 1582 integra
500 1529 547 1567 in
570 1541 634 1576 eo,
660 1527 773 1579 quod
794 1528 869 1579 jus
896 1530 939 1567 et
962 1528 1174 1568 officium
1188 1542 1307 1580 prae-

186 1616 370 1663 scribit,
397 1614 680 1666 exsequendo
703 1627 798 1653 esse
829 1614 1051 1662 videatur,
1077 1618 1224 1654 tamen
1244 1616 1308 1655 vi-

185 1703 349 1742 tiosam
385 1715 479 1741 esse
510 1704 552 1740 et
581 1700 633 1740 ad
663 1700 826 1740 delicta
852 1714 1054 1753 pronam,
1080 1702 1173 1741 nisi
1199 1714 1308 1741 mor-

185 1790 300 1829 tales
323 1789 503 1851 deorum
527 1788 811 1828 voluntatem
832 1769 1084 1841 agnoscant
1097 1791 1312 1841 eiqueob-
1373 1830 1376 1834 ,

188 1879 453 1929 sequentum
491 1876 573 1919 sive
609 1890 617 1914 t
658 1876 873 1927 pietatem
913 1889 1021 1929 erga
1057 1876 1162 1916 deos
1190 1878 1309 1917 omni

225 2048 269 2087 (1)
290 2046 462 2079 Scholiasta
491 2045 532 2076 ad
559 2054 607 2076 vs.
631 2048 708 2075 1418
731 2056 739 2075 :
760 2044 958 2090 „A‘m'nnoef
982 2047 1076 2078 τοῦτο
1100 2045 1144 2083 εἰς
1168 2031 1308 2080 Neda-rd-

184 2110 287 2156 λεμον·
326 2109 357 2142 ἐν
392 2109 454 2154 γὰρ
478 2113 515 2157 τῇ
537 2105 632 2142 Ἰλίου
656 2107 770 2141 ἁλώσει
792 2108 952 2142 ἀπέκτεινε
975 2107 1028 2143 τὸν
1052 2111 1194 2155 Πρίαμον
1216 2124 1309 2156 προς-

182 2174 320 2221 φυγὸντα
342 2179 387 2220 τῷ
408 2174 508 2220 βωμῷ
530 2177 586 2208 τοῦ
609 2169 747 2219 Ἐρκείου
771 2172 853 2212 Διός.
894 2176 1021 2208 Praeter
1050 2177 1307 2217 Neoptolemum,
1344 2221 1351 2225 .

181 2238 235 2276 qni
253 2238 355 2268 caedis
375 2237 492 2266 Priami
517 2237 686 2281 expiandae
705 2246 814 2267 caussa
832 2241 938 2276 postea
957 2237 1023 2276 ipse
1042 2237 1083 2266 ad
1102 2246 1188 2266 aram
1207 2237 1308 2276 Apol-

181 2295 254 2325 linis
273 2294 416 2334 Delphici
436 2299 560 2324 necatus
581 2297 644 2331 est,
672 2293 820 2325 Hercules
839 2294 932 2324 etiam
951 2292 1083 2332 Ajacem
1104 2292 1187 2324 Oilei
1206 2293 1307 2324 filium

183 2355 317 2391 spectat,
345 2352 399 2391 qui
431 2350 623 2382 Cassandrae
656 2346 770 2390 virg'lni
789 2350 823 2380 in
843 2350 958 2390 templo
980 2350 1142 2381 Minervae
1166 2355 1308 2390 stuprum

181 2409 298 2439 intulit.
350 2407 496 2439 Ceterum
524 2408 719 2447 Neoptolemi
760 2409 858 2439 scelus
887 2417 1045 2449 poenaque
1068 2408 1207 2438 insecuta
1230 2409 1306 2439 adeo

182 2468 261 2498 inter
278 2465 410 2497 Graecos
431 2466 696 2505 percrebruerant,
716 2470 752 2496 ut
771 2458 893 2497 auctore
912 2466 1070 2496 Pausania
1077 2465 1136 2503 lv,
1152 2467 1222 2496 17³.
1235 2466 1308 2496 inde

183 2530 310 2560 ductum
340 2529 381 2559 sit
410 2529 605 2569 proverbium
643 2540 650 2559 ε
686 2527 928 2573 Νεοπτολέμειος
959 2529 1062 2567 τίσις,
1085 2532 1117 2562 h.
1139 2541 1168 2562 e.
1190 2529 1325 2571 παθεῖν,

182 2591 290 2626 ὀποῖὂν
314 2605 360 2630 τις
384 2591 436 2626 καὶ
460 2590 603 2636 ἷδρασεν.
