1759 3182
938 399 982 432 16

393 516 480 549 esse,
508 502 788 548 dictitantibus‚
813 496 960 541 mortuo
983 507 1086 553 patre
1107 504 1271 549 Achille,
1298 504 1449 542 nonnisi
1472 503 1517 541 ab

391 590 471 641 ipso
509 588 656 641 'frojam
693 589 774 640 oapi
802 602 916 640 posse.
971 587 1059 632 Quo
1085 603 1201 640 quum
1229 590 1459 639 advenisset,
1496 604 1516 630 a

390 678 471 714 toto
493 675 719 714 Graecorum
740 676 909 715 exercitu
936 676 1162 715 circumfuso
1175 676 1426 717 amantissime
1439 690 1516 717 esse

389 765 595 815 exceptum,
616 763 834 815 jurantibus
861 766 1049 803 mortuum
1072 762 1257 803 Achillem
1284 765 1326 803 in
1353 764 1432 804 filio
1458 777 1515 804 re-

388 850 528 889 vixisse
557 851 627 902 (1).
683 850 811 894 Qumn
838 854 977 897 autem,
1017 850 1247 903 illacrymato
1270 853 1389 903 patre,
1417 864 1515 890 arma

387 939 425 975 et
456 949 550 988 quae
571 940 754 989 praeterea
780 937 1010 990 reliquisset,
1034 939 1079 978 ab
1106 938 1252 978 Atridis
1271 939 1515 991 poposcisset,

388 1038 487 1064 anna
512 1024 644 1076 Ulyssi
658 1038 736 1064 esse
749 1024 836 1064 data
848 1038 887 1064 se
900 1026 1135 1078 cognovisse;
1162 1038 1237 1077 quo
1257 1025 1386 1064 audito
1399 1024 1514 1078 'gravi

387 1113 445 1150 ira
470 1114 696 1151 commotum
722 1112 907 1151 universis
935 1112 1088 1151 Graecis
1110 1113 1208 1151 mala
1234 1127 1312 1151 esse
1337 1114 1515 1164 impreca-

387 1201 487 1246 tum;
515 1198 562 1236 ad
588 1197 678 1237 haec
701 1197 875 1250 Ulyssem
902 1199 1151 1251 respondisse,
1178 1199 1219 1238 id
1240 1199 1389 1251 justum
1415 1212 1516 1246 esse,

387 1287 477 1337 quia
504 1285 772 1338 Neoptolemus
800 1300 877 1325 non
897 1300 982 1326 cum
996 1287 1126 1326 ceteris
1141 1286 1292 1326 Graecis
1307 1286 1353 1325 ad
1368 1286 1453 1338 Troj
1458 1299 1516 1325 am

388 1376 610 1426 pugnasset,
646 1375 703 1421 et,
730 1373 906 1424 quoniam
932 1373 1103 1427 ignaviae
1129 1372 1279 1414 adderet
1305 1373 1516 1422 audaciam,

388 1473 580 1511 nunquam
603 1474 687 1499 etnn
714 1473 813 1499 arma
834 1460 996 1511 Scyrum
1022 1463 1306 1512 reportaturum.
1362 1460 1516 1500 Talibus

389 1548 571 1587 conviciis
590 1546 804 1586 lacessitum
818 1560 858 1586 se
871 1546 1021 1586 domum
1034 1549 1186 1595 reverti,
1213 1548 1412 1600 spoliatum
1438 1549 1516 1587 suis

389 1634 498 1674 rebus
513 1648 534 1673 a
546 1635 706 1686 pessimo
720 1635 887 1673 omnium
901 1635 1140 1682 Graecorum,
1153 1634 1290 1686 Ulysse
1301 1649 1310 1683 ;
1321 1635 1516 1674 maximam

387 1728 510 1764 tamen
547 1722 677 1775 culpae
700 1726 839 1775 partem
866 1723 1150 1775 imperatoribus
1173 1722 1409 1763 tribuendam
1423 1736 1516 1770 esse3

387 1920 519 1949 cendum
554 1922 705 1948 memorat
740 1918 889 1948 Philostr.
928 1919 1007 1948 Jun.
1038 1918 1139 1956 Imag.
1168 1918 1197 1947 1.
1222 1928 1229 1947 :
1254 1918 1373 1960 Λογὶου
1396 1917 1426 1953 ἐς
1447 1916 1520 1954 τοὺς

379 1977 540 2020 Ἐλληνας
562 1980 766 2027 ἐμπισόντος,
801 1981 842 2019 ὡς
866 1981 923 2014 οὐκ
947 1979 1033 2025 ἄλλῳ
1057 1994 1101 2026 τῳ
1126 1979 1245 2020 ἁλωτὸς
1268 1980 1371 2016 ἔσοιτο
1387 1982 1406 2019 ἡ
1424 1983 1522 2028 Τροία

387 2047 469 2081 πλὴν
494 2049 561 2083 τοῖς
585 2045 773 2084 Αἱακιδαῖς,
799 2044 962 2077 στέλλεται
986 2043 1002 2076 ὃ
1027 2045 1135 2084 Φοῖνιξ
1157 2045 1188 2082 ἒς
1210 2046 1267 2081 τὴν
1290 2049 1402 2091 Σκῦρον
1420 2046 1520 2086 ἀνάξ-

387 2125 429 2145 ων
460 2108 514 2145 τὸν
538 2109 662 2151 παῖδα,
702 2122 794 2153 quam
821 2122 887 2144 rem
918 2111 1123 2144 Philostratus
1155 2112 1316 2154 Sophoclis
1347 2114 1520 2154 tragoediae

388 2177 536 2210 Δολόπων
560 2183 779 2217 argumentum
799 2177 893 2207 fuisse
912 2178 1016 2207 tradit.

429 2238 473 2278 (1)
494 2237 631 2268 Pulchre
659 2240 690 2267 et
709 2239 838 2267 naturae
855 2235 1077 2267 convenienter
1104 2235 1164 2266 hoc
1187 2244 1279 2267 versu
1293 2235 1381 2276 pingi
1405 2237 1520 2268 mortui

387 2297 520 2327 Achillis
549 2295 735 2326 desiderium
761 2298 929 2333 conspectu
944 2294 1003 2323 filii
1033 2293 1131 2332 patris
1158 2293 1308 2323 simillimi
1333 2295 1519 2331 excitatum,

387 2358 470 2385 recte
498 2352 717 2383 animadvertit
743 2350 914 2388 Gedikius,
945 2350 998 2390 qui
1028 2349 1146 2380 confert
1168 2358 1292 2380 versum
1311 2359 1331 2380 a
1353 2351 1520 2381 Plutarcho

386 2421 544 2449 servatum
563 2428 572 2447 ι
595 2415 630 2451 οὐ
654 2419 731 2452 παῖς
744 2409 935 2459 Ἀχιλλέως,
953 2407 1022 2446 ἀλλ’
1040 2411 1155 2450 ἐκεῖνος
1170 2413 1264 2451 αὐτὸς
1286 2409 1327 2446 εἶ.
1350 2415 1521 2445 Philostra-

386 2489 437 2515 tus
451 2485 576 2515 Heroic.
599 2493 627 2513 c.
659 2487 707 2513 19.
726 2493 759 2521 p.
786 2485 857 2512 865.
882 2481 943 2510 Ed.
966 2480 1019 2511 Ol.
1045 2481 1145 2519 pingit
1163 2480 1401 2519 Neoptolemum
1425 2475 1520 2509 καλὸν

388 2546 442 2581 καὶ
466 2545 674 2593 προςεοικότα
696 2545 806 2591 πατρί.
846 2546 922 2578 Vid.
959 2546 1053 2578 etiam
1090 2546 1237 2578 Philostr.
1266 2546 1345 2578 Jun.
1366 2544 1467 2584 Imag.
1489 2543 1519 2573 1.

389 2609 561 2647 Tryphiod.
584 2618 615 2638 v.
640 2611 678 2638 53
701 2616 767 2646 seq.
789 2606 830 2643 Q.
854 2606 1044 2645 Smyrnaeus
1067 2605 1221 2644 (Calaber)
1243 2605 1369 2644 passim.
