1759 3182
895 370 988 406 *12

521 485 678 537 στέγειν,
711 498 745 521 κ.
781 496 814 521 τ.
848 481 883 521 λ.
924 483 1003 535 (1);

403 572 529 615 Quum
556 579 641 608 vero
669 568 772 608 chori
795 569 974 609 introitus
1002 569 1108 609 nulla
1116 571 1283 624 *vestigia
1309 573 1524 623 appareant,

401 657 535 696 chorus
574 655 764 707 putandus
790 659 847 694 est
879 656 924 695 ab
950 656 1062 695 initio
1101 656 1264 707 adfuisse
1298 657 1449 709 quidem
1482 657 1524 701 in

401 757 530 791 scena,
556 743 611 782 ita
636 746 759 782 tamen
786 746 831 783 ut
854 742 900 783 ab
928 743 1115 783 actoribus
1142 746 1305 783 remotus
1329 746 1454 783 staret.

451 830 608 873 Quaerit
644 832 767 868 autem
804 829 939 868 chorus
966 844 986 869 e
1011 829 1276 882 Neoptolemo,
1310 829 1405 869 duce
1436 826 1524 877 suo,

397 917 492 969 quid
518 918 591 957 sibi
617 918 811 969 peregrino
821 918 862 956 in
875 918 1067 969 peregrina
1079 920 1176 957 terra
1189 916 1399 956 facieudmn
1412 917 1523 967 quid-

398 1018 444 1044 ve
470 1003 669 1043 dicendum
693 1003 744 1042 sit
770 1003 850 1042 viro
874 1003 1078 1055 suspicaci,
1117 1002 1364 1043 Philoctetam
1385 1001 1526 1042 intelli-

398 1106 500 1145 gens.
555 1090 821 1142 Neoptolemus
849 1103 931 1138 eos,
968 1091 1001 1129 si
1026 1091 1122 1129 forte
1157 1090 1275 1130 velint
1314 1089 1526 1142 speluncam

397 1178 628 1219 Philoctetae
653 1179 855 1230 inspicere,
885 1178 994 1230 jubet
1020 1179 1194 1227 introire,
1233 1178 1344 1218 modo
1370 1178 1443 1218 sibi
1479 1178 1526 1217 ad

397 1280 550 1305 manum
585 1266 684 1311 sint,
723 1279 840 1317 quum
876 1265 940 1305 ille
974 1266 1145 1315 redierit3
1191 1265 1277 1306 dein
1317 1267 1528 1318 quaerenti,

399 1354 466 1392 ubi
487 1353 593 1391 locus
616 1353 680 1390 ille
702 1354 772 1398 sit,
812 1355 995 1390 monstrat
1017 1332 1186 1399 antrum,
1213 1352 1371 1399 addens,
1397 1351 1527 1390 Philo-

399 1442 534 1480 ctetam
557 1439 712 1479 fortasse
734 1438 781 1477 ad
794 1438 939 1479 victum
952 1438 1202 1490 quaerendum
1215 1440 1368 1487 exiisse,
1391 1441 1527 1492 quippe

398 1527 466 1577 qui
505 1526 599 1564 feras
635 1524 806 1564 venando
828 1526 998 1563 miseram
1025 1526 1141 1564 vitam
1169 1525 1279 1578 degat
1303 1539 1373 1565 nec
1399 1539 1527 1577 quem-

399 1627 510 1665 quam
536 1612 717 1652 malorum
745 1625 896 1651 suorum
923 1612 1109 1651 medicum
1135 1613 1292 1665 reperire
1317 1614 1445 1666 possit.

453 1700 527 1739 His
567 1700 724 1747 auditis,
752 1699 887 1738 chorus
912 1700 1188 1739 commiseratur
1214 1700 1417 1749 hominem,
1444 1702 1527 1752 qui,

398 1786 505 1826 nullo
546 1786 764 1838 adjuvante,
805 1787 906 1825 omni
935 1788 1113 1826 convictu
1138 1787 1352 1826 mortalium
1380 1801 1528 1836 carens,

398 1874 519 1922 solus,
546 1874 656 1913 miser
683 1886 791 1913 saevo
813 1873 942 1913 morbo
961 1873 1118 1922 laboret;
1146 1875 1321 1922 miratur,
1346 1889 1429 1914 eum
1441 1878 1527 1915 tan-

398 1964 455 1999 tas
481 1961 647 1999 miserias
675 1960 806 1999 durare
819 1974 942 2011 posse3
970 1961 1087 2008 hunc,
1117 1961 1222 2000 nullo
1233 1964 1332 2001 certe
1343 1962 1526 2001 nobilium

399 2048 596 2094 minorem,
623 2047 679 2086 ita
705 2047 871 2085 omnium
897 2060 1019 2085 rerum
1042 2051 1226 2099 expertem
1245 2049 1383 2100 jacere,
1409 2027 1527 2088 remo-

397 2138 480 2173 tum
520 2133 565 2172 ab
602 2132 793 2180 omnibus,
829 2133 993 2185 exceptis
1018 2134 1123 2182 feris,
1150 2135 1246 2174 fame
1271 2138 1309 2174 et
1337 2134 1526 2176 doloribus

398 2222 622 2269 cruciatum,
662 2220 758 2260 mala
793 2233 870 2259 non
898 2220 1048 2260 ferenda
1073 2222 1292 2274 patientem,
1321 2223 1408 2263 dum
1435 2224 1526 2264 echo

397 2325 417 2349 e
439 2309 648 2363 longinquo
674 2308 835 2347 lamenta
857 2309 890 2346 ei
918 2309 1093 2348 remittat.

438 2519 482 2557 (l)
505 2516 669 2555 Quomodo
702 2516 879 2547 Wunderus
911 2515 943 2544 id
973 2515 1022 2545 vel
1051 2524 1068 2546 e
1099 2514 1293 2555 Neoptolemi
1330 2518 1429 2548 verbis
1460 2527 1525 2549 vss.

398 2579 454 2606 144
475 2585 560 2614 seqq.
583 2574 713 2613 intelligi
733 2574 834 2610 dicat,
860 2583 923 2604 non
944 2583 1101 2612 assequor.
1307 2580 1310 2582 ’
