1759 3182
909 386 955 421 42

371 503 458 529 mox
483 489 766 541 Neoptolemus,
791 492 935 530 mutata
956 490 1072 530 animi
1098 489 1300 537 sententia,
1326 487 1420 540 quid
1441 487 1495 527 rei

371 579 519 627 agatur,
546 577 579 615 ei
605 577 790 627 patefacit.
817 577 901 615 Alti
927 577 1026 615 enim
1039 577 1357 627 animijuvenem,
1385 588 1494 627 quem

364 663 441 714 jam
467 663 595 702 statim
620 664 731 703 initio
757 663 903 704 fabulae
927 662 1124 703 fallacibus
1151 662 1303 714 Ulyssis
1327 662 1495 702 consiliis

368 749 624 803 indignatum,
650 764 719 790 nec
741 751 817 790 nisi
839 749 1096 803 pulcherrimis
1122 748 1263 801 gloriae
1275 749 1496 801 sapientiae·

370 851 442 888 que
477 839 677 889 praetentis
713 839 883 890 praemiis
910 838 1053 881 victum
1079 835 1230 876 tandem
1254 836 1407 875 cessisse
1438 836 1497 875 vi-

372 923 512 972 dimus,
551 924 667 976 pudet
703 925 935 965 vehementer
957 927 1035 963 tam
1059 924 1182 976 turpis
1208 922 1351 962 fraudis
1381 922 1499 962 fuisse

371 1011 587 1063 adjutorem.
641 1013 732 1051 Non
758 1015 906 1051 tantum
932 1011 1114 1051 horrenda
1144 1010 1375 1050 Philoctetae
1402 1010 1499 1050 mala

372 1100 537 1138 animum
563 1099 592 1151 ej
599 1113 642 1138 us
656 1099 703 1138 ad
711 1098 1001 1139 misericordiam
1014 1099 1210 1147 flexerant,
1224 1098 1287 1138 sed
1300 1099 1498 1138 maximam

370 1187 447 1225 vim
474 1187 516 1224 in
538 1187 704 1238 ingenuo
725 1187 865 1237 juvene
890 1186 1068 1225 habuerat
1094 1186 1193 1228 senis
1207 1185 1346 1224 candor
1358 1188 1395 1225 et
1409 1186 1498 1224 sim-

371 1273 532 1325 plicitas.
561 1274 720 1313 Tantam
745 1275 899 1326 ingenio
918 1288 993 1313 suo
1016 1275 1092 1314 vim
1118 1275 1238 1313 facere
1262 1288 1339 1313 non
1357 1276 1500 1326 potest,

373 1363 419 1399 ut
445 1374 578 1408 senem,
605 1361 712 1412 cujus
740 1361 849 1400 fidem
874 1361 959 1400 dolo
987 1361 1060 1401 sibi
1088 1362 1323 1410 conciliarat,
1348 1374 1499 1415 prorsus

372 1448 521 1501 prodat3
562 1448 766 1496 hominem,
803 1449 865 1488 cui
892 1462 1036 1497 arcum,
1061 1450 1217 1489 unicum
1241 1450 1341 1489 vitae
1362 1450 1500 1502 praesi-

374 1535 495 1582 dium,
530 1536 774 1586 surripuerat,
800 1548 879 1573 non
902 1535 1060 1587 amplius
1082 1535 1199 1575 celare
1215 1539 1355 1587 potest,
1380 1536 1500 1587 quod-

373 1635 461 1662 nam
499 1635 625 1662 revera
661 1622 713 1660 sit
749 1621 968 1676 consilium,
1013 1634 1089 1672 quo
1127 1622 1199 1661 iter
1237 1622 1279 1661 in
1317 1622 1501 1662 Lemnum

373 1710 587 1761 susceperit.
641 1709 703 1748 Ne
741 1712 866 1747 tamen
906 1708 1050 1756 credas,
1096 1708 1380 1761 Neoptolemum
1415 1710 1501 1749 ideo

374 1796 606 1838 Philoctetae
654 1795 862 1836 abducendi
913 1795 1113 1835 consilium
1164 1797 1321 1836 missum
1373 1797 1500 1837 facere.

375 1884 558 1924 Fraudem
593 1884 627 1922 ei
654 1884 790 1936 aperit,
829 1883 918 1934 quia
940 1885 1062 1936 sperat
1083 1886 1121 1922 et
1148 1884 1321 1933 confidit,
1353 1885 1431 1925 fore
1456 1889 1501 1926 ut

373 1972 606 2020 Philocteta,
660 1972 825 2024 cognitis
861 1971 1086 2011 Graecorum
1116 1971 1242 2019 rebus,
1282 1985 1324 2011 eo
1365 1973 1500 2013 adduci

374 2074 414 2099 se
438 2059 619 2112 patiatur,
651 2061 697 2097 ut
724 2060 856 2110 sponte
878 2058 1002 2110 ipsum
1025 2057 1072 2097 ad
1094 2057 1244 2111 Trojam
1265 2060 1370 2111 sequi
1396 2073 1500 2113 para-

373 2151 437 2188 tus
460 2149 522 2187 sit.

428 2242 515 2282 Hoc
532 2242 652 2294 igitur
676 2240 760 2281 loco
779 2240 949 2293 ponenda
961 2242 1018 2280 est
1031 2240 1206 2281 dramatis
1219 2244 1426 2296 περιπάτεια
1441 2245 1499 2296 (1)

375 2342 487 2381 quam
521 2328 647 2367 adesse
681 2328 722 2367 in
758 2327 829 2367 hac
863 2327 988 2368 fabula
1022 2328 1174 2367 fuerunt
1207 2330 1272 2380 qui
1307 2334 1501 2384 negarent,

376 2418 533 2457 mirifice
554 2416 639 2456 falsi
661 2415 720 2455 illi
740 2415 900 2467 quidem.
954 2415 1105 2456 Etenim
1128 2418 1172 2456 ut
1185 2416 1363 2458 hactenus
1377 2420 1501 2460 omnia

419 2605 463 2642 (1)
484 2604 584 2634 Arist.
606 2603 696 2633 Poet.
718 2601 797 2641 Cap.
820 2602 880 2631 XI.
