1759 3182
726 401 769 434 59

190 517 248 544 ses
273 503 454 552 minatur3
481 505 557 545 vim
583 506 622 545 vi
643 506 828 559 repulsum
851 507 898 546 iri
920 506 1116 559 respondet
1138 506 1306 559 Neopto-

189 590 315 629 lemus.

241 678 361 717 Tanta
397 680 597 730 pertinacia
641 681 781 728 victus,
819 681 985 728 taudem,
1024 694 1062 719 re
1089 680 1304 744 desperata,

189 764 287 805 cedit
321 765 491 817 Ulysses,
527 767 633 818 cujus
668 768 783 806 animi
821 767 1073 818 tranquillitas
1105 767 1304 820 paullisper

186 854 334 891 tantum
365 852 513 892 turbata
547 853 638 901 fuit3
679 856 841 893 ceterum
868 855 1015 893 cunctis
1047 853 1198 894 Graecis
1224 868 1301 894 rem

186 938 444 991 evulgaturum
466 953 505 978 se
526 942 716 979 asseverat.
744 940 846 990 Dum
872 940 950 979 abit
979 940 1072 991 (abit
1093 943 1217 979 tamen
1230 941 1302 987 ita,

139 1046 141 1048 ·
186 1029 230 1066 ut
256 1026 422 1078 paullum
447 1027 652 1066 subsistens
678 1026 860 1074 observet,
886 1027 978 1078 quid
1004 1031 1090 1080 agat
1102 1028 1303 1081 Neoptole-

186 1113 303 1164 mus),
341 1111 406 1150 hic
446 1111 614 1151 deridens
642 1126 727 1153 eum
753 1113 902 1152 tandem
924 1113 971 1151 ad
993 1126 1117 1151 sanam
1143 1117 1303 1152 mentem

185 1199 338 1239 rediisse
356 1199 466 1246 dicit,
486 1202 611 1250 atque,
638 1190 723 1239 siin
744 1203 929 1251 posterum
944 1201 1119 1239 similiter
1132 1214 1170 1239 se
1182 1205 1303 1253 gerat,

184 1286 262 1326 fore
293 1289 337 1327 ut
372 1300 457 1327 eum
483 1287 664 1328 factorum
689 1301 766 1327 non
791 1287 985 1341 poeniteat.
1039 1287 1135 1328 Tum
1162 1288 1209 1328 ad
1235 1302 1301 1328 an-

184 1377 286 1413 trum
312 1374 511 1425 procedens
538 1378 666 1414 evocat
679 1374 945 1422 Philoctetam,
971 1376 1038 1425 qui
1052 1376 1207 1415 clamore
1220 1380 1301 1415 tur-

183 1461 309 1509 batus,
336 1462 462 1502 ambos
486 1461 609 1501 adesse
629 1464 782 1513 putans,
800 1462 960 1513 quaerit,
973 1462 1064 1513 quid
1079 1462 1151 1502 sibi
1165 1461 1299 1510 velint3

183 1560 275 1586 num
296 1547 481 1599 prioribus
504 1546 611 1586 malis
630 1547 732 1586 aliud
751 1546 888 1586 malum
902 1547 1065 1586 addituri
1079 1548 1166 1586 sint.
1191 1548 1299 1586 Bono

184 1636 310 1675 animo
332 1649 417 1675 eum
430 1649 507 1674 esse
514 1634 622 1686 jubet
630 1634 912 1686 Neoptolemus;
938 1634 1057 1673 nihilo
1071 1635 1194 1673 minus
1207 1634 1299 1674 Phi-

183 1722 319 1762 locteta
343 1723 493 1770 metuit,
519 1723 654 1775 quippe
678 1735 794 1773 quum
819 1724 926 1761 antea
943 1734 1088 1773 quoque
1099 1720 1300 1774 Neoptole-

183 1822 265 1846 mus
284 1809 458 1859 speciosis
485 1808 605 1847 verbis
627 1808 722 1846 male
746 1809 869 1859 ipsum
892 1808 1103 1860 decepisset.
1129 1808 1202 1847 Ille
1223 1822 1299 1847 non

184 1895 311 1958 statim
355 1908 481 1936 arcum
522 1895 555 1933 ei
593 1893 732 1942 reddit,
772 1896 978 1934 extremum
1019 1894 1298 1942 sciscitaturus,

183 1984 310 2021 utrum
335 1994 520 2021 remanere
547 1980 745 2021 decreverit
767 1994 815 2020 an
838 1994 961 2020 seeum
987 1981 1173 2033 proficisci
1195 1981 1297 2022 velit.

182 2070 236 2107 At
272 2082 370 2120 spes,
405 2070 439 2107 si
470 2082 579 2118 quam
604 2069 715 2115 fovit,
741 2075 824 2106 eum
849 2069 1064 2115 frustratum
1100 2069 1211 2108 finem
1240 2069 1296 2119 lo-

181 2156 320 2208 quendi
342 2157 459 2196 facere
479 2169 562 2196 eum
584 2156 691 2208 jubet
712 2156 946 2196 Philoctetes.
986 2158 1129 2196 Iterum
1148 2170 1309 2209 persua-1

161 2232 171 2237 ⁸
184 2243 267 2283 dere
306 2244 457 2284 conanti
491 2242 616 2283 eadem
654 2244 728 2282 fere
749 2243 909 2295 reponit,
949 2241 1132 2283 affirmans
1158 2244 1296 2284 frustra

182 2344 265 2371 eum
299 2330 405 2384 plura
444 2331 647 2380 dicturum3
683 2343 872 2382 nunquam
903 2344 941 2370 se
975 2330 1192 2371 benevolum
1218 2332 1297 2372 fore

182 2418 233 2466 ei,
264 2418 331 2470 qui
371 2417 466 2457 dolis
506 2418 621 2461 vitam
648 2418 720 2458 sibi
760 2417 933 2457 ademerit
960 2421 997 2457 et
1022 2431 1125 2457 nunc
1160 2419 1295 2458 iterum

183 2505 352 2544 accedere
383 2505 531 2552 audeat,
572 2508 617 2544 ut
644 2505 798 2543 consilia
836 2505 908 2544 sibi
948 2506 1193 2556 impertiatur,
1229 2519 1296 2557 op-

181 2594 265 2636 timi
322 2594 437 2647 patris
480 2593 721 2646 turpissimus
760 2591 870 2633 filius.
937 2592 1135 2634 Paullatim
1177 2595 1295 2648 magis
