1759 3182
1023 411 1066 446 82

488 518 664 557 utilitatis
677 547 688 565 ,
713 520 918 557 mutaretur
939 519 982 557 in
1007 518 1063 570 τὸς
1092 531 1186 570 quae
1208 519 1386 558 correctio
1409 518 1503 575 mihi
1525 517 1604 570 pla-

487 607 603 651 ceret,
629 605 704 643 m'si
731 604 844 644 altera
865 606 984 658 magis
1010 605 1204 653 arrideret,
1231 605 1277 645 ab
1302 605 1497 645 Erfurdtio
1520 618 1604 657 pro-

486 697 608 748 posita
635 727 644 745 ,
671 710 738 749 pro
760 695 884 749 λαβεῖν
909 698 1048 751 legenti
1069 697 1211 751 λαχεῖν.
1267 698 1371 737 Haec
1397 698 1604 737 emendatio

486 784 725 836 simplicitate
747 798 861 836 aeque
892 798 934 824 ac
969 785 1151 839 elegantia
1178 785 1266 824 adeo
1294 798 1332 824 se
1359 784 1605 830 commendat,

485 875 531 911 ut
552 873 638 924 jure
664 873 710 912 ab
738 872 955 926 Hartungio
976 876 1121 926 recepta
1147 872 1239 911 mihi
1266 872 1446 911 videatur.

539 1068 587 1108 V.
617 1071 704 1108 116.
758 1063 904 1123 ἓηρατέ
939 1063 997 1107 οὖν
1037 1064 1242 1122 γίγνοιτ’ἃν,
1288 1067 1384 1123 εἴπερ
1414 1063 1480 1107 ὧδ’
1514 1069 1604 1120 ἔχει.

543 1163 711 1217 Θηρατέα
736 1162 803 1201 La.
830 1161 901 1200 Lb.
928 1161 975 1199 R.
989 1162 1035 1199 A.
1062 1162 1107 1199 Β.
1136 1161 1241 1199 Harl.
1272 1161 1366 1199 Ven.
1394 1164 1431 1199 et
1450 1161 1605 1207 Aldina;

483 1255 643 1310 θηρατέα
672 1257 757 1307 γοῦν
777 1253 825 1292 V.
848 1257 885 1292 et
907 1243 1023 1291 Paris.
1045 1252 1156 1291 Solus
1176 1253 1218 1291 T.
1242 1246 1387 1307 θηρατέ
1419 1248 1490 1291 οὖν.
1532 1253 1606 1291 Pro

482 1344 552 1381 hac
579 1343 738 1380 lectione
752 1369 761 1387 ‚
798 1353 909 1390 quam
944 1339 1055 1377 hodie
1099 1352 1224 1378 omnes
1273 1339 1431 1378 editores
1463 1353 1605 1391 recepe-

482 1437 593 1481 runt,
622 1433 878 1479 Hermannus,
900 1431 1001 1482 quod
1027 1425 1085 1469 οὖν
1112 1432 1145 1470 ei
1172 1445 1193 1469 a
1217 1431 1399 1471 Triclinio
1425 1433 1606 1472 insertum

481 1527 697 1574 videbatur,
710 1529 755 1565 ἄν
768 1525 981 1576 ponendum
995 1525 1126 1573 duxit,
1153 1526 1194 1584 id
1207 1527 1261 1566 ita
1283 1530 1382 1566 recte
1398 1527 1473 1566 dici
1491 1531 1607 1576 ratus,

483 1620 515 1659 si
538 1620 723 1671 posterius
750 1621 795 1656 ἅν
822 1618 869 1657 ad
882 1631 960 1657 eam
981 1619 1160 1657 referatur
1182 1621 1418 1668 sententiam,
1445 1634 1538 1671 quae
1551 1623 1607 1659 cst

483 1713 524 1752 in
547 1712 669 1752 verbis
696 1710 793 1765 εἴπερ
824 1705 985 1764 ὧδ’ἔχει,
1014 1711 1116 1762 quod
1142 1711 1239 1751 idem
1267 1712 1350 1752 aliis
1376 1713 1498 1753 verbis
1522 1714 1607 1753 dix-

483 1805 578 1844 eris:
605 1802 662 1843 ἐπί
695 1798 800 1848 τοῖςὸ’
833 1802 878 1841 ἂν
918 1799 1063 1858 θηρατέ
1111 1803 1157 1842 ἂν
1197 1804 1361 1858 γίγνοὶτο.
1416 1806 1607 1845 Immerito

483 1911 570 1937 vero
610 1896 708 1936 illud
747 1892 805 1936 οὖν
846 1897 1021 1936 Triclinii
1062 1899 1324 1938 correctionem
1365 1912 1442 1939 esse
1478 1901 1607 1952 opina-

483 1989 547 2025 tus
579 1988 636 2024 est
672 1984 921 2024 Hermannus.
999 1984 1158 2025 Constat
1196 1987 1294 2025 enim
1329 1986 1440 2027 hodie
1477 1988 1607 2028 lectio-

484 2088 550 2113 nes
600 2074 799 2126 plurimas‚
845 2086 937 2124 quas
976 2073 1194 2111 Brunckius
1240 2072 1377 2124 aliique
1425 2073 1608 2113 Triclinio

484 2161 721 2208 tribuerunt,
757 2174 834 2199 non
872 2160 917 2199 ab
944 2159 1011 2198 illo
1038 2160 1226 2219 inventaS,
1253 2159 1316 2199 sed
1339 2174 1360 2199 e
1396 2161 1608 2209 codicibus,

483 2249 624 2301 quibus
650 2261 743 2288 usus
775 2250 831 2287 est
870 2247 1059 2299 pluribus,
1086 2247 1258 2299 repetitas
1293 2261 1379 2287 esse.
1434 2248 1609 2287 Triclinii

483 2339 750 2384 recensionem,
776 2350 886 2388 quam
909 2337 1089 2388 expressit
1110 2334 1231 2374 'editio
1257 2335 1414 2374 Adriani
1441 2335 1608 2375 Turnebi

486 2426 617 2479 (Paris.
647 2425 767 2477 1553)
799 2424 875 2464 duo
898 2424 1075 2464 exhibent
1101 2423 1267 2471 codices,
1293 2423 1487 2463 Parisinus
1502 2425 1605 2480 2711

485 2514 625 2566 (littera
652 2513 684 2552 Τ
706 2513 876 2564 notatus)
905 2514 942 2551 et
983 2511 1224 2559 Dresdensis3
1261 2512 1414 2551 tertium
1449 2510 1607 2563 Neapoli

484 2603 660 2641 tractavit
681 2600 891 2640 Elmsleius.
946 2600 1018 2639 Sed
1037 2602 1219 2651 praeterea
1241 2599 1495 2639 emendatione
1513 2598 1610 2637 Her-
