1759 3182
881 424 926 458 46

346 528 535 580 mquidem,
571 528 645 566 nisi
671 540 734 580 per
761 527 907 575 dolum3
940 540 1043 567 nunc
1065 541 1151 567 vero
1176 528 1349 581 deceptus
1376 540 1458 567 sum

346 615 501 653 ninfelix
515 615 549 652 !”
736 584 743 591 i

397 700 502 740 Hinc
527 713 656 740 rursus
670 701 954 754 Neoptolemum
968 701 1171 754 alloquitur
1190 716 1199 741 t
1229 702 1359 747 uQuid
1371 701 1464 742 mihi

346 788 613 827 nfaciendumi’
641 790 696 827 At
717 789 829 827 redde
854 789 945 836 tela,
970 789 1098 835 redde,
1124 790 1278 839 quaeso!
1302 790 1468 828 Tandem

347 875 571 929 naquuando
594 875 640 915 ad
667 890 793 916 sanam
812 879 973 916 mentem
993 877 1190 917 revertere!
1225 876 1330 920 Quid
1345 876 1465 916 dicis?

347 962 499 1002 nTaces.
552 962 653 1002 Perii
687 964 839 1003 infelix!
897 965 933 1003 O
967 965 1096 1004 biforis
1122 978 1248 1017 rupes,
1274 977 1404 1003 rursus
1430 966 1470 1003 te

348 1052 519 1091 aintroeo
542 1051 739 1103 spoliatus,
766 1053 874 1092 victu
892 1065 1034 1100 carens,
1061 1056 1105 1092 ut
1124 1066 1321 1092 consumar
1342 1052 1413 1092 hoc
1426 1053 1469 1092 in

351 1142 485 1178 nantro
513 1138 630 1186 solus,
656 1152 733 1177 non
757 1152 860 1178 avem
880 1152 1000 1190 neque
1016 1140 1129 1179 feram
1150 1143 1363 1179 montaum
1382 1152 1471 1178 arcu

351 1238 457 1264 nmeo
479 1225 760 1273 interfecturus,
775 1225 840 1265 sed
866 1226 945 1278 ipse
970 1227 1080 1266 miser
1103 1227 1211 1279 dapes
1237 1226 1471 1279 praebiturus

353 1313 427 1351 niis
474 1313 613 1363 quibus
644 1313 832 1363 pascebar,
869 1316 907 1351 et
940 1326 1034 1363 quos
1063 1317 1168 1353 antea
1208 1327 1276 1366 ego
1298 1314 1476 1361 venabar,

354 1399 409 1438 nii
435 1411 539 1438 nunc
564 1412 623 1438 me
644 1398 899 1447 venabuntur,
925 1412 1124 1451 necemque
1148 1412 1237 1439 nece
1245 1399 1354 1452 piabo
1367 1400 1477 1440 miser

356 1486 511 1525 nfraude
542 1486 638 1537 ejus,
678 1487 744 1536 qui
778 1487 898 1525 omnis
921 1461 1084 1526 malitiae
1105 1487 1258 1539 ignarus
1272 1487 1477 1526 videbatur.

356 1575 529 1622 nPereas,
557 1576 596 1613 at
616 1586 694 1613 non
707 1574 829 1626 prius,
855 1587 966 1625 quam
981 1574 1173 1622 audivero,
1200 1587 1248 1613 an
1258 1574 1480 1614 sententiam

358 1663 435 1701 nsis
469 1664 703 1708 mutatmus3
744 1661 804 1699 sin
835 1662 977 1708 minus,
1013 1661 1107 1700 male
1141 1661 1311 1713 pereas!''
1365 1661 1480 1700 Vide-

357 1762 442 1787 mus
469 1761 515 1787 ex
540 1747 617 1795 his,
643 1747 829 1798 quomodo
851 1747 1077 1787 Philoctetes
1095 1748 1195 1787 inter
1217 1761 1317 1800 spem
1343 1751 1381 1787 et
1406 1761 1482 1786 me-

359 1837 463 1882 tum,
490 1835 589 1874 inter
614 1834 707 1873 iram
728 1837 765 1874 et
786 1848 927 1887 preces,
953 1835 1052 1875 inter
1078 1848 1251 1889 angorem
1269 1837 1307 1876 et
1320 1834 1483 1888 querelas

363 1923 471 1977 quasi
497 1923 686 1963 fluctuans
712 1922 788 1962 huc
813 1922 906 1962 illuc
933 1924 1096 1976 agitetur
1125 1924 1195 1976 (1).

413 2010 569 2051 Talibus
605 2010 918 2051 obtestationibus
958 2011 1070 2050 etiam
1103 2010 1237 2050 chorus
1264 2010 1486 2057 commotus,

363 2098 412 2138 ad
432 2098 723 2138 misericordiam
745 2099 847 2138 flecti
870 2099 1002 2150 coepit.
1029 2098 1181 2145 Nescit,
1207 2097 1301 2148 quid
1315 2096 1486 2144 suadeat3

362 2200 473 2239 penes
508 2185 795 2238 Neoptolemum
821 2200 899 2225 esse
926 2186 1036 2233 dicit,
1073 2189 1199 2224 utrum
1221 2185 1309 2224 navi
1336 2170 1484 2231 abeant,

365 2287 414 2314 an
444 2272 675 2314 Philoctetae
712 2273 883 2326 precibus
922 2274 1084 2326 pareant.
1137 2273 1262 2324 Atque
1287 2271 1489 2325 Neoptole-

364 2375 448 2401 mus
484 2362 580 2414 ipse,
612 2375 720 2412 quem
745 2361 856 2400 modo
877 2362 955 2412 jam
981 2360 1146 2401 fraudem
1169 2360 1359 2400 abhorrere
1384 2359 1489 2400 vide·-

408 2586 453 2625 (1)
473 2586 557 2617 Hinc
583 2586 683 2625 asperi
702 2591 734 2618 et
752 2587 874 2627 abrupti
894 2586 1039 2626 quiddam
1060 2586 1197 2618 cernitur
1213 2585 1250 2616 in
1270 2583 1489 2616 sententiarum

369 2642 478 2673 ordine
497 2652 533 2674 ac
553 2653 649 2674 nexu.
