1759 3182
925 373 968 406 38

438 479 498 517 Ex
528 478 588 516 his
627 477 798 516 omnibus
831 478 1069 517 manifestum
1095 482 1170 526 est,
1190 492 1332 518 summa
1356 478 1504 530 quidem

386 576 455 615 ope
473 564 568 602 eniti
589 562 852 610 Philoctetam,
884 565 932 602 ut
954 563 1118 603 dolorem
1137 566 1343 618 reprimat„
1358 567 1425 618 qui
1448 569 1505 605 ta-

383 663 467 689 men
498 650 614 701 major
647 652 720 697 est,
755 662 865 700 quam
891 653 937 688 ut
958 651 1111 690 omnino
1134 653 1243 692 vinci*
1266 667 1288 692 a
1314 667 1352 692 se
1376 625 1505 705 possit-

384 736 487 791 Ergo
511 735 608 776 mala
629 736 767 789 quibus
794 736 975 790 affligitur
998 736 1152 786 tolerat,
1180 751 1259 778 non
1280 741 1358 779 tam
1375 742 1422 780 ut
1442 738 1507 780 he·

383 837 461 872 ros,
492 838 569 864 non
593 827 638 863 ut
662 823 830 864 heroicae
856 825 1010 864 virtutis
1037 825 1261 878 exemplum,
1298 827 1364 866 sed
1390 830 1437 867 ut
1460 841 1508 867 ne

382 925 501 953 novos
528 912 686 953 advenas
713 912 864 952 horrore
889 912 1075 953 deteneat.
1116 913 1248 965 Neque
1272 913 1395 966 igitur
1415 912 1507 953 Phi-

383 1001 559 1041 loctetam
594 1000 822 1040 laborantem
856 1001 912 1039 ita
947 1001 1104 1052 proponi
1143 1013 1164 1039 a
1185 1002 1292 1052 poeta
1317 1003 1509 1052 putamus,

383 1092 429 1128 ut
451 1089 596 1141 gemitu
622 1088 702 1139 ejus
730 1091 768 1127 et
795 1088 952 1127 clamore
978 1101 1120 1127 summa
1146 1089 1383 1128 cruciatuum
1399 1087 1508 1128 vehe-

381 1176 521 1215 mentia
546 1176 855 1227 repraesentetur,
882 1175 1192 1226 quemadmodum
1214 1175 1404 1215 Herderus
1416 1175 1508 1215 Les-

381 1263 498 1316 singii
535 1262 757 1302 seutentiam
791 1261 1001 1314 paullulum
1025 1262 1219 1301 distortam
1245 1264 1508 1314 interpretatus

382 1353 457 1398 est,
483 1363 623 1401 neque,
649 1352 694 1388 ut
717 1348 780 1388 ille
805 1348 1119 1389 Winckelmanno
1140 1352 1319 1402 patronus
1333 1350 1508 1389 accedens

382 1438 547 1485 censuit,
573 1436 704 1484 talem,
730 1437 797 1487 qui
819 1436 970 1475 heroica
993 1438 1108 1477 animi
1129 1438 1353 1477 fortitudine
1366 1438 1508 1478 dolores

380 1526 556 1577 reprimat
581 1528 619 1564 et
645 1525 791 1572 vincat,
818 1524 882 1563 sed
903 1524 1016 1563 talem
1042 1526 1186 1576 potius,
1219 1526 1301 1575 qui,
1328 1529 1373 1564 ut
1398 1525 1508 1565 homo

380 1614 563 1661 Graecus,
591 1611 783 1652 doloribus
805 1612 969 1665 percitus
1000 1625 1078 1652 non
1114 1612 1304 1653 erubescat
1344 1613 1508 1665 querelas

385 1704 423 1741 et
446 1701 623 1741 clamores
646 1700 768 1747 edere,
794 1712 1014 1750 quamquam
1036 1700 1209 1739 omnibus
1235 1700 1379 1740 viribus
1403 1701 1508 1740 dolo-

381 1802 459 1829 rem
496 1800 671 1840 superare
709 1787 884 1834 enititur,
924 1800 973 1825 ne
1011 1785 1235 1827 advenarum
1258 1788 1400 1829 anim0s
1423 1802 1445 1828 a
1470 1803 1510 1829 se

382 1876 428 1917 ab
455 1875 599 1916 alienet.

805 2000 1012 2031 z'rAzIMON
1035 1992 1081 2030 B'.

730 2090 814 2143 (Vs.
843 2092 1029 2131 810—vs.
1058 2092 1164 2143 846).

688 2202 843 2257 Στροφή.
875 2194 1112 2257 (Ἡμιχόριον
1142 2195 1194 2254 α’)

436 2309 692 2351 Pulcher-rimo
712 2308 785 2349 hoc
811 2308 973 2348 carmine
999 2308 1152 2358 chorus,
1177 2322 1294 2361 quum
1322 2311 1509 2354 Philocte-

383 2402 460 2439 tam
487 2397 723 2450 consopitum
749 2395 869 2444 videt,
894 2396 1066 2448 implorat
1087 2398 1284 2447 Somnum,
1315 2403 1361 2440 ut
1384 2401 1510 2453 propi-

382 2487 462 2527 tius
482 2485 580 2526 adsit
607 2488 644 2526 et
670 2484 840 2525 tenebras
865 2483 971 2524 illius
997 2484 1117 2526 oculis
1137 2485 1309 2528 obducat.
1364 2486 1511 2527 Deinde

384 2573 670 2626 Neoptolemum
694 2571 879 2612 allocutus
901 2569 1088 2619 hortatur,
1115 2575 1160 2611 ut
1201 2572 1292 2623 quid
1325 2572 1507 2625 agendum
