<?xml version="1.0" encoding="UTF-8"?>
<!DOCTYPE html PUBLIC "-//W3C//DTD XHTML 1.0 Transitional//EN"
    "http://www.w3.org/TR/xhtml1/DTD/xhtml1-transitional.dtd">
<html xmlns="http://www.w3.org/1999/xhtml" xml:lang="en" lang="en">
 <head>
  <title>
</title>
<meta http-equiv="Content-Type" content="text/html;charset=utf-8" />
  <meta name='ocr-system' content='tesseract 3.04.00' />
  <meta name='ocr-capabilities' content='ocr_page ocr_carea ocr_par ocr_line ocrx_word'/>
</head>
<body>
  <div class='ocr_page' id='page_1' title='image "./4771410_0110.png"; bbox 0 0 1759 3182; ppageno 0'>
   <div class='ocr_carea' id='block_1_1' title="bbox 435 327 1624 1343">
    <p class='ocr_par' dir='ltr' id='par_1_1' title="bbox 435 327 1624 1343">
     <span class='ocr_line' id='line_1_1' title="bbox 938 327 1025 377; baseline -0.011 0"><span class='ocrx_word' id='word_1_1' title='bbox 938 327 941 329; x_wconf 74' lang='grc'><strong>’</strong></span> <span class='ocrx_word' id='word_1_2' title='bbox 979 344 1025 377; x_wconf 76' lang='lat'>9⁶</span> 
     </span>
     <span class='ocr_line' id='line_1_2' title="bbox 443 452 1564 511; baseline 0.001 -17"><span class='ocrx_word' id='word_1_3' title='bbox 443 458 563 494; x_wconf 78' lang='lat' dir='ltr'>tuens.</span> <span class='ocrx_word' id='word_1_4' title='bbox 618 452 762 506; x_wconf 87' lang='lat' dir='ltr'>Vulgo,</span> <span class='ocrx_word' id='word_1_5' title='bbox 789 454 889 493; x_wconf 78' lang='lat' dir='ltr'>sicut</span> <span class='ocrx_word' id='word_1_6' title='bbox 909 453 1140 502; x_wconf 53' lang='grc' dir='ltr'>,ἀποκλαίειω</span> <span class='ocrx_word' id='word_1_7' title='bbox 1174 454 1441 511; x_wconf 65' lang='grc' dir='ltr'>ἀποδύρεσθαι,</span> <span class='ocrx_word' id='word_1_8' title='bbox 1465 456 1564 495; x_wconf 84' lang='grc' dir='ltr'><strong><em>ἀπο-</em></strong></span> 
     </span>
     <span class='ocr_line' id='line_1_3' title="bbox 440 546 1561 601; baseline 0.004 -16"><span class='ocrx_word' id='word_1_9' title='bbox 440 546 607 592; x_wconf 82' lang='grc' dir='ltr'><strong><em>κωκύειν,</em></strong></span> <span class='ocrx_word' id='word_1_10' title='bbox 640 546 698 585; x_wconf 89' lang='lat' dir='ltr'>nil</span> <span class='ocrx_word' id='word_1_11' title='bbox 719 547 795 587; x_wconf 86' lang='lat' dir='ltr'>nisi</span> <span class='ocrx_word' id='word_1_12' title='bbox 824 547 1012 596; x_wconf 84' lang='lat' dir='ltr'>deflere,</span> <span class='ocrx_word' id='word_1_13' title='bbox 1037 546 1344 600; x_wconf 60' lang='lat' dir='ltr'>illacqmare,</span> <span class='ocrx_word' id='word_1_14' title='bbox 1373 562 1561 601; x_wconf 84' lang='lat' dir='ltr'>conque-</span> 
     </span>
     <span class='ocr_line' id='line_1_4' title="bbox 438 631 1564 689; baseline 0.003 -16"><span class='ocrx_word' id='word_1_15' title='bbox 438 631 477 673; x_wconf 84' lang='lat' dir='ltr'>ri</span> <span class='ocrx_word' id='word_1_16' title='bbox 504 637 627 682; x_wconf 79' lang='lat' dir='ltr'>notat,</span> <span class='ocrx_word' id='word_1_17' title='bbox 655 637 700 674; x_wconf 81' lang='lat' dir='ltr'>ut</span> <span class='ocrx_word' id='word_1_18' title='bbox 720 636 795 674; x_wconf 83' lang='lat' dir='ltr'>fere</span> <span class='ocrx_word' id='word_1_19' title='bbox 817 639 993 675; x_wconf 79' lang='lat' dir='ltr'><strong>constans</strong></span> <span class='ocrx_word' id='word_1_20' title='bbox 1019 638 1076 675; x_wconf 70' lang='lat' dir='ltr'>est</span> <span class='ocrx_word' id='word_1_21' title='bbox 1099 636 1344 689; x_wconf 80' lang='lat' dir='ltr'>Tragicorum</span> <span class='ocrx_word' id='word_1_22' title='bbox 1359 640 1564 676; x_wconf 77' lang='lat' dir='ltr'>consuetu-</span> 
     </span>
     <span class='ocr_line' id='line_1_5' title="bbox 439 713 1565 781; baseline 0.002 -16"><span class='ocrx_word' id='word_1_23' title='bbox 439 728 508 775; x_wconf 78' lang='lat' dir='ltr'>do,</span> <span class='ocrx_word' id='word_1_24' title='bbox 544 740 602 766; x_wconf 78' lang='lat' dir='ltr'>ex.</span> <span class='ocrx_word' id='word_1_25' title='bbox 638 739 669 766; x_wconf 82' lang='lat'>0.</span> <span class='ocrx_word' id='word_1_26' title='bbox 705 713 838 781; x_wconf 70' lang='lat' dir='ltr'>A‘ntig.</span> <span class='ocrx_word' id='word_1_27' title='bbox 880 730 982 768; x_wconf 83' lang='lat'>1167</span> <span class='ocrx_word' id='word_1_28' title='bbox 1023 719 1112 781; x_wconf 58' lang='grc' dir='ltr'>(Εὼ</span> <span class='ocrx_word' id='word_1_29' title='bbox 1148 727 1309 781; x_wconf 66' lang='grc' dir='ltr'>Βὸοιὼ.)</span> <span class='ocrx_word' id='word_1_30' title='bbox 1339 742 1346 767; x_wconf 79' lang='lat'>=</span> <span class='ocrx_word' id='word_1_31' title='bbox 1379 723 1472 768; x_wconf 70' lang='grc' dir='ltr'>τόνδ’</span> <span class='ocrx_word' id='word_1_32' title='bbox 1506 749 1565 756; x_wconf 90' lang='grc'><strong>-</strong></span> 
     </span>
     <span class='ocr_line' id='line_1_6' title="bbox 438 819 1561 877; baseline 0.001 -17"><span class='ocrx_word' id='word_1_33' title='bbox 438 820 533 865; x_wconf 80' lang='grc' dir='ltr'><strong>εὐνῆς</strong></span> <span class='ocrx_word' id='word_1_34' title='bbox 573 821 824 875; x_wconf 83' lang='grc' dir='ltr'><strong><em>ἀποιμώζοντα</em></strong></span> <span class='ocrx_word' id='word_1_35' title='bbox 862 825 922 866; x_wconf 88' lang='grc' dir='ltr'><strong>τῆς’</strong></span> <span class='ocrx_word' id='word_1_36' title='bbox 952 824 1049 862; x_wconf 77' lang='grc' dir='ltr'><strong><em>κάτω</em></strong></span> <span class='ocrx_word' id='word_1_37' title='bbox 1080 822 1233 877; x_wconf 67' lang='grc' dir='ltr'><strong><em>φθοράν.</em></strong></span> <span class='ocrx_word' id='word_1_38' title='bbox 1272 819 1404 861; x_wconf 81' lang='lat' dir='ltr'>Aesoh.</span> <span class='ocrx_word' id='word_1_39' title='bbox 1428 822 1561 875; x_wconf 78' lang='lat' dir='ltr'>Agam.</span> 
     </span>
     <span class='ocr_line' id='line_1_7' title="bbox 439 903 1562 971; baseline 0 -16"><span class='ocrx_word' id='word_1_40' title='bbox 439 917 517 955; x_wconf 77' lang='lat'>304</span> <span class='ocrx_word' id='word_1_41' title='bbox 546 930 554 955; x_wconf 89' lang='lat'>:</span> <span class='ocrx_word' id='word_1_42' title='bbox 581 910 689 955; x_wconf 79' lang='grc' dir='ltr'><strong><em>οὐκέτ’</em></strong></span> <span class='ocrx_word' id='word_1_43' title='bbox 722 913 761 963; x_wconf 82' lang='grc' dir='ltr'>ἐξ</span> <span class='ocrx_word' id='word_1_44' title='bbox 790 903 974 971; x_wconf 64' lang='grc' dir='ltr'><strong><em>ἐλευθέρου</em></strong></span> <span class='ocrx_word' id='word_1_45' title='bbox 1005 913 1109 970; x_wconf 76' lang='grc' dir='ltr'><em>δέρης</em></span> <span class='ocrx_word' id='word_1_46' title='bbox 1127 916 1369 970; x_wconf 82' lang='grc' dir='ltr'><strong><em>ἀποιμώζουσι</em></strong></span> <span class='ocrx_word' id='word_1_47' title='bbox 1385 915 1562 970; x_wconf 77' lang='grc' dir='ltr'>φιλτάτων</span> 
     </span>
     <span class='ocr_line' id='line_1_8' title="bbox 437 985 1615 1069; baseline 0.002 -22"><span class='ocrx_word' id='word_1_48' title='bbox 437 1009 556 1063; x_wconf 82' lang='grc' dir='ltr'><strong><em>μόρον.</em></strong></span> <span class='ocrx_word' id='word_1_49' title='bbox 617 985 780 1062; x_wconf 86' lang='lat' dir='ltr'>Choeph.</span> <span class='ocrx_word' id='word_1_50' title='bbox 809 1012 884 1049; x_wconf 89' lang='lat'>958</span> <span class='ocrx_word' id='word_1_51' title='bbox 916 1009 1000 1063; x_wconf 84' lang='lat' dir='ltr'><strong>(Ed.</strong></span> <span class='ocrx_word' id='word_1_52' title='bbox 1028 1010 1210 1062; x_wconf 85' lang='lat' dir='ltr'>Klausen)</span> <span class='ocrx_word' id='word_1_53' title='bbox 1241 1024 1249 1048; x_wconf 92' lang='lat'>:</span> <span class='ocrx_word' id='word_1_54' title='bbox 1277 1013 1335 1052; x_wconf 85' lang='grc' dir='ltr'>νῦν</span> <span class='ocrx_word' id='word_1_55' title='bbox 1364 1009 1466 1050; x_wconf 82' lang='grc' dir='ltr'>αὑτὸν</span> <span class='ocrx_word' id='word_1_56' title='bbox 1496 1009 1562 1048; x_wconf 82' lang='grc' dir='ltr'><strong><em>αι’-</em></strong></span> <span class='ocrx_word' id='word_1_57' title='bbox 1614 1064 1615 1069; x_wconf 15' lang='grc'>1</span> 
     </span>
     <span class='ocr_line' id='line_1_9' title="bbox 437 1101 1624 1159; baseline 0.005 -18"><span class='ocrx_word' id='word_1_58' title='bbox 437 1105 513 1156; x_wconf 81' lang='grc' dir='ltr'>νῶ,</span> <span class='ocrx_word' id='word_1_59' title='bbox 545 1105 604 1143; x_wconf 81' lang='grc' dir='ltr'>νῦν</span> <span class='ocrx_word' id='word_1_60' title='bbox 634 1103 830 1157; x_wconf 84' lang='grc' dir='ltr'><strong><em>ἀποιμώζω</em></strong></span> <span class='ocrx_word' id='word_1_61' title='bbox 861 1105 996 1159; x_wconf 82' lang='grc' dir='ltr'><strong><em>παρών.</em></strong></span> <span class='ocrx_word' id='word_1_62' title='bbox 1071 1101 1161 1141; x_wconf 77' lang='lat' dir='ltr'>Eur.</span> <span class='ocrx_word' id='word_1_63' title='bbox 1197 1101 1297 1141; x_wconf 87' lang='lat' dir='ltr'>Med.</span> <span class='ocrx_word' id='word_1_64' title='bbox 1326 1105 1375 1143; x_wconf 86' lang='lat'>31</span> <span class='ocrx_word' id='word_1_65' title='bbox 1404 1115 1413 1139; x_wconf 75' lang='lat'>2</span> <span class='ocrx_word' id='word_1_66' title='bbox 1440 1104 1482 1147; x_wconf 80' lang='grc' dir='ltr'>ἢν</span> <span class='ocrx_word' id='word_1_67' title='bbox 1511 1107 1562 1158; x_wconf 84' lang='grc' dir='ltr'>μή</span> <span class='ocrx_word' id='word_1_68' title='bbox 1618 1128 1624 1132; x_wconf 81' lang='grc'>-</span> 
     </span>
     <span class='ocr_line' id='line_1_10' title="bbox 435 1191 1559 1251; baseline 0 -16"><span class='ocrx_word' id='word_1_69' title='bbox 435 1210 520 1235; x_wconf 85' lang='grc' dir='ltr'><strong><em>ποτε</em></strong></span> <span class='ocrx_word' id='word_1_70' title='bbox 554 1216 610 1223; x_wconf 89' lang='grc'>-·</span> <span class='ocrx_word' id='word_1_71' title='bbox 639 1192 759 1251; x_wconf 86' lang='grc' dir='ltr'><strong><em>πατέρ’</em></strong></span> <span class='ocrx_word' id='word_1_72' title='bbox 791 1194 980 1251; x_wconf 79' lang='grc' dir='ltr'><strong><em>ἀποιμώξῃ</em></strong></span> <span class='ocrx_word' id='word_1_73' title='bbox 1011 1196 1111 1251; x_wconf 78' lang='grc' dir='ltr'><strong><em>φίλου</em></strong></span> <span class='ocrx_word' id='word_1_74' title='bbox 1139 1194 1199 1235; x_wconf 82' lang='grc' dir='ltr'>καὶ</span> <span class='ocrx_word' id='word_1_75' title='bbox 1230 1197 1336 1251; x_wconf 79' lang='grc' dir='ltr'><em>γαῖαν</em></span> <span class='ocrx_word' id='word_1_76' title='bbox 1366 1195 1477 1242; x_wconf 85' lang='grc' dir='ltr'><strong><em>οἴκους</em></strong></span> <span class='ocrx_word' id='word_1_77' title='bbox 1519 1191 1559 1235; x_wconf 64' lang='grc' dir='ltr'>θ’</span> 
     </span>
     <span class='ocr_line' id='line_1_11' title="bbox 436 1285 1562 1343; baseline -0.001 -14"><span class='ocrx_word' id='word_1_78' title='bbox 436 1305 473 1329; x_wconf 83' lang='grc' dir='ltr'>κ.</span> <span class='ocrx_word' id='word_1_79' title='bbox 506 1304 540 1330; x_wconf 90' lang='grc' dir='ltr'>τ.</span> <span class='ocrx_word' id='word_1_80' title='bbox 572 1289 608 1328; x_wconf 90' lang='grc' dir='ltr'>λ.</span> <span class='ocrx_word' id='word_1_81' title='bbox 645 1290 838 1343; x_wconf 77' lang='lat' dir='ltr'>Aristoph.</span> <span class='ocrx_word' id='word_1_82' title='bbox 864 1290 1007 1330; x_wconf 77' lang='lat' dir='ltr'>Eccles.</span> <span class='ocrx_word' id='word_1_83' title='bbox 1035 1292 1110 1330; x_wconf 85' lang='lat'>391</span> <span class='ocrx_word' id='word_1_84' title='bbox 1141 1306 1148 1329; x_wconf 94' lang='lat'><strong>:</strong></span> <span class='ocrx_word' id='word_1_85' title='bbox 1175 1285 1360 1342; x_wconf 73' lang='grc' dir='ltr'><strong><em>Ἀντίλοχ’</em></strong></span> <span class='ocrx_word' id='word_1_86' title='bbox 1393 1290 1562 1343; x_wconf 84' lang='grc' dir='ltr'><strong><em>ἀποίμω-</em></strong></span> 
     </span>
    </p>
   </div>
   <div class='ocr_carea' id='block_1_2' title="bbox 433 1380 1563 1697">
    <p class='ocr_par' dir='ltr' id='par_1_2' title="bbox 433 1380 1563 1697">
     <span class='ocr_line' id='line_1_12' title="bbox 436 1380 1561 1437; baseline 0 -15"><span class='ocrx_word' id='word_1_87' title='bbox 436 1380 495 1430; x_wconf 82' lang='grc' dir='ltr'>ξόν</span> <span class='ocrx_word' id='word_1_88' title='bbox 524 1398 583 1437; x_wconf 89' lang='grc' dir='ltr'>με.</span> <span class='ocrx_word' id='word_1_89' title='bbox 614 1398 650 1422; x_wconf 87' lang='grc' dir='ltr'>κ.</span> <span class='ocrx_word' id='word_1_90' title='bbox 684 1397 719 1423; x_wconf 86' lang='grc' dir='ltr'>τ.</span> <span class='ocrx_word' id='word_1_91' title='bbox 751 1381 812 1436; x_wconf 78' lang='grc' dir='ltr'>λ.;</span> <span class='ocrx_word' id='word_1_92' title='bbox 845 1397 940 1436; x_wconf 88' lang='lat' dir='ltr'>quae</span> <span class='ocrx_word' id='word_1_93' title='bbox 978 1384 1090 1424; x_wconf 80' lang='lat' dir='ltr'>verba</span> <span class='ocrx_word' id='word_1_94' title='bbox 1125 1397 1171 1422; x_wconf 87' lang='lat' dir='ltr'>ex</span> <span class='ocrx_word' id='word_1_95' title='bbox 1198 1382 1376 1435; x_wconf 81' lang='lat' dir='ltr'><strong>Aeschyli</strong></span> <span class='ocrx_word' id='word_1_96' title='bbox 1399 1382 1561 1435; x_wconf 81' lang='lat' dir='ltr'>Myrmi-</span> 
     </span>
     <span class='ocr_line' id='line_1_13' title="bbox 437 1470 1561 1530; baseline 0 -21"><span class='ocrx_word' id='word_1_97' title='bbox 437 1470 599 1509; x_wconf 85' lang='lat' dir='ltr'>donibus</span> <span class='ocrx_word' id='word_1_98' title='bbox 642 1470 704 1522; x_wconf 89' lang='lat' dir='ltr'>(de</span> <span class='ocrx_word' id='word_1_99' title='bbox 742 1484 817 1521; x_wconf 84' lang='lat' dir='ltr'>qua</span> <span class='ocrx_word' id='word_1_100' title='bbox 851 1471 977 1511; x_wconf 82' lang='lat' dir='ltr'><strong>fabula</strong></span> <span class='ocrx_word' id='word_1_101' title='bbox 1016 1471 1092 1511; x_wconf 86' lang='lat' dir='ltr'>vid.</span> <span class='ocrx_word' id='word_1_102' title='bbox 1120 1471 1266 1510; x_wconf 87' lang='lat' dir='ltr'>Ahrens</span> <span class='ocrx_word' id='word_1_103' title='bbox 1289 1471 1331 1510; x_wconf 92' lang='lat' dir='ltr'>in</span> <span class='ocrx_word' id='word_1_104' title='bbox 1357 1470 1460 1530; x_wconf 56' lang='lat' dir='ltr'>Edit.</span> <span class='ocrx_word' id='word_1_105' title='bbox 1486 1471 1561 1509; x_wconf 91' lang='lat' dir='ltr'>Ae-</span> 
     </span>
     <span class='ocr_line' id='line_1_14' title="bbox 435 1557 1563 1611; baseline -0.001 -14"><span class='ocrx_word' id='word_1_106' title='bbox 435 1557 557 1610; x_wconf 82' lang='lat' dir='ltr'>schyli</span> <span class='ocrx_word' id='word_1_107' title='bbox 584 1561 621 1598; x_wconf 80' lang='lat' dir='ltr'>et</span> <span class='ocrx_word' id='word_1_108' title='bbox 648 1558 854 1611; x_wconf 86' lang='lat' dir='ltr'>Sophoclis.</span> <span class='ocrx_word' id='word_1_109' title='bbox 894 1559 1010 1598; x_wconf 82' lang='lat' dir='ltr'>Paris.</span> <span class='ocrx_word' id='word_1_110' title='bbox 1034 1572 1090 1611; x_wconf 87' lang='lat' dir='ltr'>ap.</span> <span class='ocrx_word' id='word_1_111' title='bbox 1127 1557 1264 1610; x_wconf 80' lang='lat' dir='ltr'>Didot)</span> <span class='ocrx_word' id='word_1_112' title='bbox 1295 1557 1464 1597; x_wconf 82' lang='lat' dir='ltr'>desumta</span> <span class='ocrx_word' id='word_1_113' title='bbox 1486 1570 1563 1596; x_wconf 85' lang='lat' dir='ltr'>esse</span> 
     </span>
     <span class='ocr_line' id='line_1_15' title="bbox 433 1644 1558 1697; baseline -0.001 -14"><span class='ocrx_word' id='word_1_114' title='bbox 433 1645 551 1684; x_wconf 77' lang='lat' dir='ltr'>tradit</span> <span class='ocrx_word' id='word_1_115' title='bbox 574 1644 783 1684; x_wconf 77' lang='lat' dir='ltr'><strong>Scholiasta</strong></span> <span class='ocrx_word' id='word_1_116' title='bbox 805 1645 852 1684; x_wconf 81' lang='lat' dir='ltr'>ad</span> <span class='ocrx_word' id='word_1_117' title='bbox 873 1646 990 1685; x_wconf 76' lang='lat' dir='ltr'>Arist.</span> <span class='ocrx_word' id='word_1_118' title='bbox 1016 1645 1067 1684; x_wconf 93' lang='lat' dir='ltr'>l.l.</span> <span class='ocrx_word' id='word_1_119' title='bbox 1121 1644 1236 1697; x_wconf 84' lang='lat' dir='ltr'><strong>Apud</strong></span> <span class='ocrx_word' id='word_1_120' title='bbox 1258 1644 1418 1696; x_wconf 86' lang='lat' dir='ltr'>reliquos</span> <span class='ocrx_word' id='word_1_121' title='bbox 1433 1646 1558 1696; x_wconf 79' lang='lat' dir='ltr'>poetas</span> 
     </span>
    </p>
   </div>
   <div class='ocr_carea' id='block_1_3' title="bbox 435 1732 1557 1785">
    <p class='ocr_par' dir='ltr' id='par_1_3' title="bbox 435 1732 1557 1785">
     <span class='ocr_line' id='line_1_16' title="bbox 435 1732 1557 1785; baseline -0.002 -14"><span class='ocrx_word' id='word_1_122' title='bbox 435 1735 473 1771; x_wconf 75' lang='lat' dir='ltr'>et</span> <span class='ocrx_word' id='word_1_123' title='bbox 496 1732 596 1784; x_wconf 86' lang='lat' dir='ltr'>apud</span> <span class='ocrx_word' id='word_1_124' title='bbox 617 1745 744 1785; x_wconf 84' lang='lat' dir='ltr'>prosae</span> <span class='ocrx_word' id='word_1_125' title='bbox 771 1733 954 1772; x_wconf 82' lang='lat' dir='ltr'>orationes</span> <span class='ocrx_word' id='word_1_126' title='bbox 981 1733 1177 1784; x_wconf 81' lang='lat' dir='ltr'>scriptores</span> <span class='ocrx_word' id='word_1_127' title='bbox 1206 1732 1393 1771; x_wconf 84' lang='lat' dir='ltr'>rarissime</span> <span class='ocrx_word' id='word_1_128' title='bbox 1406 1734 1557 1770; x_wconf 75' lang='lat' dir='ltr'><strong>tantum</strong></span> 
     </span>
    </p>
   </div>
   <div class='ocr_carea' id='block_1_4' title="bbox 432 1819 1561 2431">
    <p class='ocr_par' dir='ltr' id='par_1_4' title="bbox 432 1819 1561 2154">
     <span class='ocr_line' id='line_1_17' title="bbox 435 1819 1559 1873; baseline 0.001 -16"><span class='ocrx_word' id='word_1_129' title='bbox 435 1819 643 1867; x_wconf 78' lang='lat' dir='ltr'>invenitur,</span> <span class='ocrx_word' id='word_1_130' title='bbox 679 1822 725 1858; x_wconf 82' lang='lat' dir='ltr'>ut</span> <span class='ocrx_word' id='word_1_131' title='bbox 760 1819 918 1872; x_wconf 79' lang='lat' dir='ltr'>Antiph.</span> <span class='ocrx_word' id='word_1_132' title='bbox 941 1819 989 1858; x_wconf 91' lang='lat' dir='ltr'>V.</span> <span class='ocrx_word' id='word_1_133' title='bbox 1017 1821 1067 1858; x_wconf 80' lang='lat'>41</span> <span class='ocrx_word' id='word_1_134' title='bbox 1097 1820 1194 1873; x_wconf 85' lang='lat' dir='ltr'>(pag.</span> <span class='ocrx_word' id='word_1_135' title='bbox 1218 1819 1343 1872; x_wconf 78' lang='lat' dir='ltr'>Steph.</span> <span class='ocrx_word' id='word_1_136' title='bbox 1364 1821 1441 1859; x_wconf 72' lang='lat'><strong>⁷24,</strong></span> <span class='ocrx_word' id='word_1_137' title='bbox 1467 1822 1559 1859; x_wconf 75' lang='lat' dir='ltr'>extr.</span> 
     </span>
     <span class='ocr_line' id='line_1_18' title="bbox 434 1911 1561 1967; baseline 0.001 -15"><span class='ocrx_word' id='word_1_138' title='bbox 434 1912 575 1952; x_wconf 79' lang='lat' dir='ltr'>Baiteri</span> <span class='ocrx_word' id='word_1_139' title='bbox 602 1916 639 1952; x_wconf 76' lang='lat' dir='ltr'>et</span> <span class='ocrx_word' id='word_1_140' title='bbox 662 1912 818 1965; x_wconf 82' lang='lat' dir='ltr'>Sauppii</span> <span class='ocrx_word' id='word_1_141' title='bbox 842 1913 910 1965; x_wconf 80' lang='lat'>20)</span> <span class='ocrx_word' id='word_1_142' title='bbox 941 1927 949 1951; x_wconf 76' lang='grc' dir='ltr'>ε</span> <span class='ocrx_word' id='word_1_143' title='bbox 988 1911 1100 1952; x_wconf 82' lang='grc' dir='ltr'><strong><em>οὐκέτι</em></strong></span> <span class='ocrx_word' id='word_1_144' title='bbox 1131 1913 1194 1967; x_wconf 60' lang='grc' dir='ltr'>ἔφη</span> <span class='ocrx_word' id='word_1_145' title='bbox 1225 1927 1269 1966; x_wconf 89' lang='grc' dir='ltr'>με</span> <span class='ocrx_word' id='word_1_146' title='bbox 1311 1912 1437 1952; x_wconf 84' lang='grc' dir='ltr'><strong><em>τούτων</em></strong></span> <span class='ocrx_word' id='word_1_147' title='bbox 1483 1912 1561 1967; x_wconf 81' lang='grc' dir='ltr'><em>εἰρ-</em></span> 
     </span>
     <span class='ocr_line' id='line_1_19' title="bbox 432 1977 1560 2060; baseline 0.001 -15"><span class='ocrx_word' id='word_1_148' title='bbox 432 2006 574 2060; x_wconf 65' lang='grc' dir='ltr'><strong><em>γάσθαι</em></strong></span> <span class='ocrx_word' id='word_1_149' title='bbox 620 1977 721 2045; x_wconf 75' lang='grc' dir='ltr'><strong><em>οὐδὲυ</em></strong></span> <span class='ocrx_word' id='word_1_150' title='bbox 732 2036 746 2058; x_wconf 85' lang='grc'>,</span> <span class='ocrx_word' id='word_1_151' title='bbox 788 2004 886 2044; x_wconf 74' lang='grc' dir='ltr'>ἀλλὰ</span> <span class='ocrx_word' id='word_1_152' title='bbox 916 2004 955 2045; x_wconf 86' lang='grc' dir='ltr'>τὸ</span> <span class='ocrx_word' id='word_1_153' title='bbox 986 2004 1178 2045; x_wconf 74' lang='grc' dir='ltr'><strong><em>τελευταῖον</em></strong></span> <span class='ocrx_word' id='word_1_154' title='bbox 1207 2003 1404 2060; x_wconf 82' lang='grc' dir='ltr'><strong><em>ἀπῴμωξεν</em></strong></span> <span class='ocrx_word' id='word_1_155' title='bbox 1432 2005 1494 2059; x_wconf 79' lang='grc' dir='ltr'>ἐμέ</span> <span class='ocrx_word' id='word_1_156' title='bbox 1523 2022 1560 2046; x_wconf 90' lang='grc' dir='ltr'>τε</span> 
     </span>
     <span class='ocr_line' id='line_1_20' title="bbox 433 2096 1172 2154; baseline 0 -15"><span class='ocrx_word' id='word_1_157' title='bbox 433 2098 493 2139; x_wconf 81' lang='grc' dir='ltr'>καὶ</span> <span class='ocrx_word' id='word_1_158' title='bbox 524 2098 629 2139; x_wconf 80' lang='grc' dir='ltr'>αὑτὸν</span> <span class='ocrx_word' id='word_1_159' title='bbox 657 2099 703 2145; x_wconf 90' lang='grc' dir='ltr'>ὡς</span> <span class='ocrx_word' id='word_1_160' title='bbox 732 2096 868 2144; x_wconf 78' lang='grc' dir='ltr'><strong><em>ἀδικῶς</em></strong></span> <span class='ocrx_word' id='word_1_161' title='bbox 899 2098 1172 2154; x_wconf 82' lang='grc' dir='ltr'><strong><em>ἀπολλυμένους.</em></strong></span> 
     </span>
    </p>

    <p class='ocr_par' dir='ltr' id='par_1_5' title="bbox 432 2188 1560 2431">
     <span class='ocr_line' id='line_1_21' title="bbox 487 2188 1556 2242; baseline 0 -14"><span class='ocrx_word' id='word_1_162' title='bbox 487 2189 644 2228; x_wconf 81' lang='lat' dir='ltr'><strong>Sublata</strong></span> <span class='ocrx_word' id='word_1_163' title='bbox 688 2189 809 2240; x_wconf 80' lang='lat' dir='ltr'>igitur</span> <span class='ocrx_word' id='word_1_164' title='bbox 852 2189 1014 2235; x_wconf 78' lang='lat' dir='ltr'>ratione,</span> <span class='ocrx_word' id='word_1_165' title='bbox 1064 2188 1112 2227; x_wconf 96' lang='lat' dir='ltr'>ob</span> <span class='ocrx_word' id='word_1_166' title='bbox 1162 2201 1273 2239; x_wconf 79' lang='lat' dir='ltr'><strong>quam</strong></span> <span class='ocrx_word' id='word_1_167' title='bbox 1313 2188 1556 2242; x_wconf 82' lang='lat' dir='ltr'>Hartungius</span> 
     </span>
     <span class='ocr_line' id='line_1_22' title="bbox 433 2280 1560 2337; baseline 0.002 -14"><span class='ocrx_word' id='word_1_168' title='bbox 433 2297 501 2336; x_wconf 87' lang='lat' dir='ltr'>pro</span> <span class='ocrx_word' id='word_1_169' title='bbox 528 2283 594 2324; x_wconf 86' lang='grc' dir='ltr'>ποῖ</span> <span class='ocrx_word' id='word_1_170' title='bbox 605 2280 821 2337; x_wconf 79' lang='grc' dir='ltr'><strong><em>’ἀποιμώξαι</em></strong></span> <span class='ocrx_word' id='word_1_171' title='bbox 853 2282 1092 2323; x_wconf 88' lang='lat' dir='ltr'>scribendum</span> <span class='ocrx_word' id='word_1_172' title='bbox 1120 2284 1317 2336; x_wconf 75' lang='lat' dir='ltr'>proposuit</span> <span class='ocrx_word' id='word_1_173' title='bbox 1367 2285 1451 2325; x_wconf 86' lang='grc' dir='ltr'><strong><em>ποῖα</em></strong></span> <span class='ocrx_word' id='word_1_174' title='bbox 1461 2280 1560 2325; x_wconf 80' lang='grc' dir='ltr'><strong><em>δὀἱ-</em></strong></span> 
     </span>
     <span class='ocr_line' id='line_1_23' title="bbox 432 2375 1556 2431; baseline 0.001 -14"><span class='ocrx_word' id='word_1_175' title='bbox 432 2376 551 2431; x_wconf 85' lang='grc' dir='ltr'><strong><em>μῶξαι</em></strong></span> <span class='ocrx_word' id='word_1_176' title='bbox 565 2407 576 2424; x_wconf 85' lang='grc'><strong><em>,</em></strong></span> <span class='ocrx_word' id='word_1_177' title='bbox 609 2391 685 2417; x_wconf 90' lang='lat' dir='ltr'>non</span> <span class='ocrx_word' id='word_1_178' title='bbox 713 2380 769 2417; x_wconf 81' lang='lat' dir='ltr'>est</span> <span class='ocrx_word' id='word_1_179' title='bbox 796 2390 864 2416; x_wconf 86' lang='lat' dir='ltr'>cur</span> <span class='ocrx_word' id='word_1_180' title='bbox 893 2386 914 2415; x_wconf 81' lang='lat' dir='ltr'>a</span> <span class='ocrx_word' id='word_1_181' title='bbox 944 2375 1051 2416; x_wconf 83' lang='lat' dir='ltr'>libris</span> <span class='ocrx_word' id='word_1_182' title='bbox 1077 2385 1166 2417; x_wconf 87' lang='lat' dir='ltr'>mss.</span> <span class='ocrx_word' id='word_1_183' title='bbox 1206 2376 1432 2418; x_wconf 81' lang='lat' dir='ltr'>recedamus.</span> <span class='ocrx_word' id='word_1_184' title='bbox 1488 2379 1556 2418; x_wconf 88' lang='lat' dir='ltr'>So-</span> 
     </span>
    </p>
   </div>
   <div class='ocr_carea' id='block_1_5' title="bbox 431 2466 965 2523">
    <p class='ocr_par' dir='ltr' id='par_1_6' title="bbox 431 2466 965 2523">
     <span class='ocr_line' id='line_1_24' title="bbox 431 2466 965 2523; baseline -0.004 -13"><span class='ocrx_word' id='word_1_185' title='bbox 431 2472 493 2511; x_wconf 83' lang='lat' dir='ltr'>lus</span> <span class='ocrx_word' id='word_1_186' title='bbox 525 2471 619 2511; x_wconf 85' lang='lat' dir='ltr'>Ven.</span> <span class='ocrx_word' id='word_1_187' title='bbox 647 2472 733 2511; x_wconf 83' lang='grc' dir='ltr'><strong><em>ποΐα</em></strong></span> <span class='ocrx_word' id='word_1_188' title='bbox 763 2466 965 2523; x_wconf 83' lang='grc' dir='ltr'><strong><em>μὀῖμῶξαι.</em></strong></span> 
     </span>
    </p>
   </div>
  </div>
 </body>
</html>
