1759 3182
968 346 1012 380 54

440 455 629 498 nanti-um,
668 451 769 501 quod
805 451 933 489 vivum
955 463 1016 489 me
1050 450 1205 502 recepit,
1241 450 1354 489 etiam
1380 447 1552 487 morienti

439 541 591 590 naptum
617 537 736 577 erit?’'
789 536 935 576 Locum
953 536 1097 588 ipsum,
1122 537 1287 589 gemitus
1306 537 1366 576 sui
1387 536 1553 589 plenum,

437 624 657 678 compellans
679 624 839 675 quaerit,
865 636 959 676 quae
980 622 1053 663 sibi
1072 624 1123 663 sit
1149 623 1208 663 vel
1230 624 1330 664 unde
1355 625 1478 666 victus
1492 636 1555 676 pa-

435 714 543 752 randi
570 725 668 764 spae,
694 725 810 762 quum
837 724 944 750 arcus
966 711 1017 749 sit
1044 710 1188 749 ablatus
1217 711 1289 762 (1).

890 846 1025 900 Στροφὴ
1054 839 1106 896 β’.

490 965 636 1014 Chorus
672 974 801 1014 docere
841 975 966 1015 studet
989 974 1267 1021 Philoctetam,
1307 974 1448 1014 nemini
1483 974 1558 1013 nisi

437 1062 510 1115 ipsi
542 1061 691 1114 culpam
722 1062 956 1102 tribuendam
978 1076 1072 1111 esse,
1098 1062 1416 1114 quandoquidem,
1442 1075 1559 1113 quum

442 1150 476 1189 ei
503 1151 629 1201 optare
654 1149 798 1197 liceret,
825 1149 969 1189 meliori
981 1150 1151 1189 fortunae
1164 1150 1379 1190 antetulerit
1391 1150 1559 1202 pejorem.

836 1279 1065 1339 Ἀντιστροφή
1096 1279 1144 1324 α’.

491 1412 702 1454 Philocteta
741 1413 846 1465 queri
885 1413 1025 1466 pergit,
1065 1412 1165 1464 quod
1201 1413 1331 1460 miser,
1373 1412 1560 1453 laboribus

439 1502 647 1548 confectus,
685 1514 773 1539 mox
805 1501 917 1539 etiam
939 1501 1044 1539 omni
1070 1500 1266 1540 hominum
1296 1500 1563 1539 consuetudine

438 1588 624 1640 privatus,
663 1586 727 1626 hie
761 1587 948 1639 periturus
980 1588 1048 1635 sit,
1088 1586 1233 1626 nullum
1258 1587 1415 1639 amplius
1439 1588 1564 1627 cibum

441 1675 661 1728 sagittarum
702 1688 770 1726 ope
801 1673 1017 1726 adepturus;
1059 1674 1217 1713 occultis
1251 1674 1368 1714 dolosi
1401 1674 1562 1714 hominis

442 1763 564 1803 verbis
588 1777 626 1801 se
653 1762 846 1814 deceptum
873 1762 1058 1812 queritur,
1086 1766 1279 1813 optatque,
1306 1767 1350 1802 ut
1370 1765 1565 1816 contingat

443 1849 516 1890 sibi
556 1862 656 1898 eum,
697 1849 763 1901 qui
795 1847 885 1888 talia
922 1847 1078 1888 consilia
1101 1849 1246 1897 inierit,
1286 1850 1471 1891 similibus
1497 1850 1565 1890 ali-

443 1935 593 1987 quando
620 1935 847 1975 cruciatibus
875 1936 1047 1974 affectum
1075 1935 1269 1988 adspicere.

845 2064 1073 2125 Ἀντιστροφὴ
1105 2063 1156 2122 β’.

499 2202 641 2241 Iterum
679 2199 812 2239 chorus
854 2200 1001 2257 disertis
1034 2200 1156 2240 verbis
1182 2200 1354 2241 admonet
1380 2202 1567 2244 Philocte-

487 2383 531 2422 (1)
554 2381 611 2413 Est
630 2381 681 2411 hic
700 2389 782 2411 unus
802 2389 819 2411 e
839 2379 1029 2410 diffieiuimis
1048 2379 1124 2411 loeis
1145 2380 1184 2411 ab
1203 2382 1345 2414 omnibus
1363 2383 1476 2414 criticis
1486 2384 1570 2416 varie

445 2443 592 2472 tentatus.
633 2438 832 2476 Hermaunus
866 2441 970 2469 tamen
989 2436 1104 2468 leviore
1123 2439 1309 2471 correctione
1330 2440 1465 2472 adhibita
1487 2449 1570 2471 com-

446 2497 574 2528 modum
594 2504 719 2528 sensum
739 2495 908 2526 restituisse
927 2494 1013 2525 visus
1035 2498 1097 2532 est,
1118 2495 1190 2527 lieet
1199 2494 1427 2529 Schneidewini
1450 2506 1569 2538 quoque

446 2554 598 2586 sententia.
617 2553 699 2585 haud
719 2553 847 2584 omnino
868 2553 909 2584 sit
928 2552 1131 2592 repudianda.
