1759 3182
971 353 1014 386 ⁶4
1049 332 1051 335 ’

436 459 572 509 quibus
606 457 702 496 mala
736 462 792 496 est
830 471 951 505 mens,
992 459 1038 497 ab
1068 458 1128 496 his
1158 459 1213 496 nil
1235 460 1309 497 nisi
1336 459 1431 497 mala
1463 471 1552 496 con-

436 544 519 584 silia
560 543 858 596 proficiscuntur.
931 543 1037 589 Quin
1072 544 1191 584 immo
1232 544 1356 596 ipsum
1397 546 1554 586 miratur

433 631 736 681 Neoptolemum,
767 631 951 681 quomodo
987 631 1127 669 hortari
1162 643 1201 669 se
1222 632 1341 682 possit
1363 632 1409 670 ad
1428 634 1552 692 opitu—

432 718 586 757 landum
614 719 679 765 iis,
712 719 777 769 qui
803 721 954 770 paterna
980 731 1081 757 arma
1106 718 1141 756 ei
1164 717 1413 757 abstulissent.
1466 720 1553 771 Ipse

432 806 532 845 enim
569 805 642 845 sibi
674 808 870 858 repugnet,
912 806 944 843 si
985 807 1022 844 et
1055 818 1122 844 suo
1150 803 1290 844 aux'ilio
1312 805 1464 844 Atridas
1487 806 1552 845 ad-

428 894 630 944 juvaturus
658 897 694 932 et
720 893 972 933 Philoctetam
995 893 1041 932 ad
1067 893 1108 931 id
1130 893 1341 933 faciendum
1355 894 1553 933 adacturus

433 981 484 1020 sit
510 981 580 1033 (1).

485 1069 659 1119 Denique
685 1072 765 1107 orat
791 1082 891 1115 eum,
918 1081 965 1107 ne
991 1068 1062 1106 hoc
1086 1069 1205 1107 facere
1218 1068 1328 1115 velit3
1356 1068 1430 1116 sed,
1453 1069 1553 1107 sicut

427 1157 643 1209 juravisset,
678 1157 833 1197 domum
861 1171 899 1196 se
924 1156 1077 1196 reducat
1104 1160 1140 1196 et
1162 1157 1241 1209 ipse
1263 1157 1422 1209 Scyrum
1448 1157 1552 1197 habi-

431 1247 554 1283 tatum
580 1244 783 1283 concedens
805 1244 891 1282 illos
918 1244 1013 1283 male
1045 1244 1160 1283 malos
1187 1245 1304 1295 perire
1330 1246 1438 1284 sinat.
1492 1247 1554 1285 Ita

433 1331 619 1384 duplicem
661 1334 699 1371 et
725 1346 745 1370 a
772 1345 810 1370 se
835 1336 873 1371 et
899 1345 920 1370 a
946 1334 1048 1383 patre
1070 1345 1138 1370 suo
1167 1332 1223 1383 (2)
1252 1333 1411 1384 gratiam
1433 1333 1553 1372 initu-

430 1432 531 1467 rum,
571 1431 689 1470 neque
726 1418 847 1458 malis?
871 1418 1087 1458 hominibus
1128 1418 1345 1470 opitulando
1372 1419 1552 1460 malorum

431 1507 591 1546 similem
618 1520 657 1545 se
681 1507 957 1557 praestiturum.

483 1593 760 1646 Neoptolemus,
787 1605 1008 1644 quamquam
1029 1593 1133 1644 justa
1160 1592 1280 1632 dicere
1301 1592 1549 1633 Philoctetam

429 1681 577 1726 fatetur,
599 1683 724 1719 tamen
755 1680 859 1729 cupit
886 1693 969 1717 eum
992 1679 1078 1717 dato
1101 1669 1340 1729 jurejurando
1368 1681 1547 1718 confisum

429 1767 625 1814 adducere,
651 1768 694 1805 ut
720 1779 843 1805 seeum
866 1765 979 1805 abeat.
1034 1765 1254 1809 Quaerenti:
1280 1766 1494 1810 nQuorsum
1506 1767 1547 1806 P''

429 1853 492 1893 ille
517 1855 614 1893 tecte
635 1852 847 1905 respondet,
874 1852 1101 1904 profecturos
1125 1865 1163 1891 se
1176 1851 1223 1890 ad
1236 1845 1314 1899 eos,
1340 1853 1405 1903 qui
1420 1853 1548 1892 morbo

470 2003 513 2040 (l)
534 2001 872 2037 Animadvertendum,
909 2000 977 2038 ipsa
1007 2009 1060 2036 ea,
1106 2008 1184 2038 quae
1217 1999 1454 2039 Neoptolemum
1485 2010 1550 2031 mo-

428 2062 537 2089 nuerat
555 2058 703 2097 Ulysses,
724 2062 760 2088 ut
779 2057 874 2087 armis
893 2056 1029 2096 paternis
1050 2056 1191 2087 orbatum
1215 2065 1248 2087 se
1268 2056 1412 2095 fingeret,
1430 2056 1497 2095 jam
1518 2058 1551 2088 111

427 2116 544 2145 caussis
564 2124 646 2151 esse,
682 2115 722 2145 ob
746 2123 821 2153 quas
841 2113 1025 2144 Philoctetes
1045 2112 1167 2142 Atridis
1188 2116 1218 2143 et
1237 2113 1345 2151 Ulyssi
1364 2114 1553 2144 reconciliari

428 2172 552 2210 abnuit,
588 2181 684 2212 quum
714 2171 801 2208 illos,
837 2170 891 2210 qui
921 2169 1124 2210 Neoptolemo
1159 2169 1305 2209 injuriam
1325 2170 1549 2210 injunxissent,

427 2223 595 2261 aversetur.
636 2230 706 2260 Hoc
739 2230 831 2260 etiam
851 2229 976 2268 probat,
1009 2238 1103 2267 quam
1126 2228 1243 2258 sincere
1266 2228 1460 2268 Neoptolemi
1480 2239 1552 2259 cau·

428 2296 496 2317 sam
515 2287 677 2326 amplexus
697 2291 777 2317 esset
795 2286 993 2322 Philoctetes.
1015 2286 1187 2316 Prudenter
1207 2289 1310 2316 autem
1329 2286 1550 2326 Neoptolemus

428 2353 493 2374 nou
517 2352 596 2384 opus
615 2353 681 2375 esse
704 2348 824 2382 censet,
854 2348 889 2375 ut
913 2343 989 2384 quid
1009 2343 1075 2383 ejus
1100 2343 1146 2375 rei
1167 2343 1223 2382 sit,
1245 2353 1329 2375 nunc
1348 2344 1551 2376 Philoctetam

429 2403 570 2438 edoceat,
602 2403 748 2440 quoniam
778 2402 844 2440 ejus
879 2402 1034 2438 animum,
1067 2403 1125 2432 hac
1145 2411 1264 2441 quoque
1284 2403 1391 2433 fraude
1410 2403 1552 2442 cognita,

428 2460 532 2489 minus
552 2459 645 2490 etim
666 2459 746 2490 flecti
766 2468 891 2490 necesse
911 2463 987 2490 erat.

470 2517 514 2555 (2)
534 2516 628 2547 Hunc
656 2517 691 2547 in
721 2518 801 2549 vivis
821 2526 888 2549 esse
908 2518 994 2557 ponit
1014 2517 1072 2549 hoc
1092 2517 1170 2549 loco.
1214 2517 1264 2550 cf.
1287 2528 1351 2550 vss.
1373 2521 1447 2556 483,
1472 2517 1528 2548 657
1539 2539 1547 2554 ,

433 2577 526 2611 1184,
552 2578 627 2605 1402
649 2584 714 2614 sqq.
