1759 3182
700 446 741 484 87

218 557 266 599 V.
295 560 381 599 170.
408 562 459 613 μή
487 573 545 600 του
585 556 776 613 κηδομένου
818 554 955 614 βροτῶν
1000 555 1093 613 μηδὲ
1133 558 1282 615 σύντρο-

164 657 226 698 φον
254 639 336 697 ὄμμ’
368 645 476 696 ἔχων.

216 723 452 776 Ηθτωηιιηιιὲ
478 740 528 791 μή
561 751 619 777 του
649 733 732 781 κηδ.
766 734 900 790 βροτῶν
925 737 1036 787 negat
1050 748 1127 774 esse
1139 734 1277 786 geniti-

164 839 229 865 vos
257 827 444 889 absolussos
463 828 666 880 jungitque
689 841 774 866 eum
801 827 1036 866 substantivo
1058 829 1178 879 ὄμμα,
1207 826 1279 864 hoc

163 926 275 952 sensu
302 927 309 951 :
336 915 482 952 miseret
521 929 576 953 me
602 915 700 965 ejus,
741 915 909 965 quomodo
935 914 1081 951 nullius
1107 915 1172 965 qui
1198 928 1279 952 eum

164 1007 265 1042 curet
290 1017 337 1042 ne
363 1004 573 1055 adspectum
599 1004 743 1056 quidem
766 1004 927 1042 vicinum
944 1005 1078 1042 habene
1091 1018 1197 1042 saevo
1207 1005 1280 1042 isto

104 1104 106 1106 ·
164 1092 280 1130 morbo
308 1091 455 1130 laboret.
509 1092 581 1131 Sed
603 1092 873 1143 praetermisso,
899 1092 1000 1143 quod
1027 1106 1068 1131 ea
1082 1092 1280 1144 explicatio

167 1183 251 1221 duri
276 1182 403 1230 habet,
431 1183 754 1223 demonstrandum
779 1187 871 1232 erat,
894 1198 936 1223 eo
964 1198 1074 1223 sensu
1095 1185 1282 1240 σύντροφον

164 1271 247 1330 ὄμμ’
279 1278 373 1328 ἔχων
400 1276 536 1315 Graece
560 1276 635 1315 dici
656 1290 771 1328 posse.
824 1277 941 1316 Recte
962 1290 1048 1316 vero
1071 1276 1279 1316 Scholiasta

165 1370 282 1424 σύντρ.
315 1365 397 1422 ὄμμ’
429 1371 523 1421 ἔχων
544 1371 803 1421 interpretatur
826 1384 834 1408 ε
861 1367 1035 1421 κηδεμόνα
1065 1370 1145 1408 τινὰ
1175 1371 1283 1421 ἔχων.

165 1461 242 1500 Cfr.
264 1460 400 1500 Electr.
415 1463 491 1500 902
505 1473 577 1511 seq.
604 1460 742 1514 ἐμπαίει
761 1461 800 1501 τί
811 1476 870 1515 μοι
885 1461 984 1515 ψυχῇ
1004 1460 1280 1516 συνηὲὲς·ὀ’μμα.

164 1549 335 1588 Ceterum
348 1562 395 1587 ne
407 1561 514 1598 quem
529 1548 727 1599 conjuncta
743 1548 816 1586 duo
829 1549 1040 1599 participia,
1067 1548 1222 1586 alterum
1236 1550 1278 1587 in

163 1636 347 1689 genitivo,
388 1634 543 1673 alterum
577 1634 619 1671 in
646 1634 875 1673 nominativo
902 1635 1039 1685 posita,
1073 1634 1281 1682 offendant,

165 1727 378 1766 Wunderus
390 1726 544 1764 conferri
550 1725 657 1777 jubet
671 1725 890 1764 Traoh.291
906 1740 978 1777 seq.
992 1730 1050 1765 νῦν
1080 1742 1138 1781 μοι
1170 1727 1285 1781 τέρψις

166 1820 316 1874 ἐμφανὴς
345 1819 457 1872 κυρεῖ,
510 1820 579 1857 τῶν
609 1816 671 1870 μὲν
704 1819 907 1872 παρόντων,
939 1819 985 1858 τὰ
1013 1817 1056 1859 δὲ
1086 1821 1285 1874 πεπυσμένη

165 1913 277 1967 λόγῳ,
308 1912 502 1962 locumque
528 1924 549 1949 a
571 1911 695 1949 Neuio
722 1912 877 1949 citatum
901 1911 1069 1963 Thucyd.
1095 1913 1128 1952 Ι.
1164 1917 1198 1953 2.
1226 1920 1286 1959 τῆς

166 2004 330 2059 ἐμπορίοις
360 2003 421 2043 οὐκ
450 2005 549 2048 οὔσης
560 2033 574 2055 ,
606 1998 679 2042 οὐδ’
713 2001 947 2057 ἐπιμιγνύντες
964 2003 1141 2051 ἀλλήλοις.
1171 2006 1284 2047 Plura

166 2093 348 2146 ejusmodi
392 2091 555 2144 exempla
598 2090 807 2143 suppeditat
855 2092 1066 2145 Kriigerus,
1120 2094 1283 2135 Gramm.

167 2182 295 2221 Graec.
321 2181 428 2231 Synt.
453 2181 475 2230 ᾧ
499 2182 563 2226 56.
590 2177 659 2216 IV.
689 2180 749 2215 14.

221 2358 268 2397 V.
307 2360 394 2397 187.
426 2355 554 2411 βαρεῖα
585 2351 860 2410 δἀἓυρόστομος
889 2329 975 2411 ἀχῶ
1005 2359 1194 2416 τηλεφανὴς
1224 2384 1284 2390 -.

168 2456 296 2504 πικροῖς
326 2451 480 2503 οἰμωγαῖς
510 2450 700 2489 ὑπόκειται.

200 2545 293 2585 ,Pro
307 2544 477 2584 codicum
500 2544 682 2596 scriptura
704 2541 832 2599 βαρεῖα
843 2544 1073 2593 Boeekhius,
1089 2545 1148 2586 De
1156 2549 1287 2588 metris

169 2614 321 2678 Pinderi
336 2650 417 2690 pag.
433 2638 526 2684 323,
538 2636 735 2689 legendum
748 2637 896 2688 putavit
908 2635 1025 2692 βαρεῖ·
1043 2639 1070 2677 ἁ
1082 2668 1092 2686 ,
1108 2662 1161 2669 -—
1189 2641 1286 2681 Her.
