1759 3182
498 724 973 782 PRAEFATIO.

666 913 804 925 ψ

230 1072 292 1110 Ne
316 1071 490 1122 fortasse
517 1071 663 1118 mia-ere,
690 1071 825 1110 dilecte
854 1072 1019 1110 Frater!
1048 1071 1117 1108 tibi
1139 1069 1295 1121 potissi-

178 1155 290 1188 mum,
318 1141 379 1192 qui
407 1141 446 1178 in
475 1145 590 1179 artem
617 1142 708 1180 meis
735 1142 874 1180 studiis
900 1155 1053 1193 prorsus
1080 1140 1299 1179 dissimilem

180 1224 325 1262 operam
351 1214 454 1249 tuam
480 1215 517 1248 et
542 1211 699 1249 laborem
726 1213 894 1263 conferre
924 1212 1062 1257 soleas,
1100 1211 1231 1262 quique
1257 1210 1299 1247 in

182 1280 423 1332 antiquitatis
454 1280 658 1332 disciplina
679 1281 797 1333 plane
824 1282 1001 1333 hospitem
1029 1285 1065 1320 te
1081 1282 1303 1333 profiteare⁷

178 1351 271 1387 hanc
297 1350 553 1388 Academicam
575 1352 808 1401 scriptionem
831 1353 959 1403 offerri
987 1365 999 1389 .·
1029 1352 1112 1402 quis
1135 1355 1208 1397 est,
1237 1350 1303 1401 qui

179 1420 280 1458 modo
308 1433 388 1458 cum
420 1420 565 1467 Musis,
605 1420 649 1458 id
682 1425 737 1459 est
771 1435 851 1459 cum
883 1421 1116 1460 humanitate
1147 1424 1184 1459 et
1220 1433 1301 1458 cum

180 1490 365 1535 doctrina,
397 1490 530 1527 habeat
558 1491 713 1544 aliquod
733 1492 1002 1538 commercium,
1029 1492 1118 1542 quin
1158 1491 1300 1529 Cicero-

177 1559 331 1598 nianam
357 1558 460 1597 illud
486 1572 500 1597 .·
530 1576 552 1597 a
560 1561 691 1599 Omnes
723 1565 844 1608 artes,
885 1575 980 1613 quae
1015 1561 1068 1599 ad
1090 1560 1302 1599 humanita-

179 1634 250 1667 tem
271 1629 480 1679 pertinent,
515 1631 650 1668 habent
692 1631 873 1681 quoddam
905 1644 1087 1669 commune
1113 1631 1302 1669 vinculum

181 1703 217 1737 et
259 1699 368 1751 quasi
408 1699 622 1749 coqnatione
657 1701 815 1752 quadam
843 1701 942 1739 inter
968 1714 1007 1739 se
1033 1700 1303 1748 continentur‚''

181 1769 309 1809 laudet
336 1770 673 1821 et’amplectatur?

232 1840 307 1878 Sed
331 1839 490 1887 accedit,
518 1841 616 1892 quod
642 1841 697 1879 Tu
723 1841 764 1879 in
794 1841 946 1892 primis,
975 1842 1134 1880 Frater!
1161 1845 1204 1879 ut
1238 1841 1303 1878 lit-

181 1911 272 1951 teris
307 1925 363 1949 me
389 1912 556 1950 dederem
596 1912 864 1963 diliqenterque
903 1912 944 1950 in
980 1913 1032 1950 iis
1067 1912 1305 1958 elaborarem,

180 1985 308 2019 auctor
347 1981 440 2019 mihi
480 1982 664 2019 eoestitisti
704 1986 740 2019 et
782 1982 1036 2019 adhortatione
1076 1995 1148 2019 non
1183 1981 1304 2018 minus

181 2064 290 2102 quam
313 2050 476 2102 exemplo
501 2054 563 2088 tuo
587 2064 726 2102 semper
751 2064 808 2089 me
833 2052 884 2089 ad
911 2050 1121 2089 laudabilia
1143 2063 1306 2102 quaeque

180 2121 374 2159 incitasti!

237 2191 376 2239 Quodsi
403 2191 485 2242 quis
515 2191 688 2237 miretur,
724 2203 816 2242 quae
842 2191 939 2229 ratio
954 2191 1104 2241 fuerit,
1130 2203 1196 2228 cur
1230 2194 1306 2228 tam

183 2260 373 2316 difficilem
395 2261 584 2300 materiem
609 2261 841 2300 tractandam
862 2261 958 2299 mihi
971 2260 1160 2311 eleqerim‚
1180 2260 1221 2298 in
1235 2274 1307 2312 qua

183 2331 415 2369 illustrcmda
441 2335 496 2370 tot
519 2335 662 2383 tamque
689 2332 829 2369 eruditi
853 2332 929 2369 viri
947 2331 1164 2369 desudarint
1192 2344 1205 2367 .·
1233 2343 1306 2368 non

185 2401 266 2439 ideo
290 2400 453 2452 equidem
479 2401 583 2441 illud
607 2415 698 2441 onus
723 2401 884 2440 humeris
909 2401 1083 2453 imposui,
1111 2400 1205 2452 quod
1216 2414 1307 2451 quae

185 2487 247 2522 eqo
276 2472 465 2510 allaturus
492 2486 621 2519 essem,
655 2487 700 2510 ea
726 2486 940 2523 maqnopere
966 2472 1229 2522 comprobatum
1255 2471 1307 2509 iri

186 2544 446 2592 exc-spectarem,
473 2555 596 2580 verum
622 2545 682 2588 ut,
708 2555 815 2592 quum
843 2541 982 2591 leyibus
999 2540 1232 2580 Academicis
1245 2554 1306 2579 sa-

188 2613 416 2664 tiffacerem,
443 2613 557 2650 simul
583 2613 731 2663 aliquid
746 2612 878 2651 saltem
888 2613 1053 2662 conferre
1067 2615 1244 2650 tentarem
1258 2612 1310 2649 acl
