1759 3182
781 378 825 412 81

296 484 445 523 Horum
471 485 631 535 primus,
659 484 704 523 de
729 484 925 524 imitandis
933 484 1177 522 ·-Graecorum
1196 482 1364 533 picturae

243 574 281 611 et
307 571 519 623 sculpturae
545 571 716 623 operibus
744 572 923 611 disserens
940 572 1017 623 (l),
1043 584 1160 622 quum
1175 570 1363 622 insignem

243 661 281 697 et
316 659 500 710 propriam
535 658 685 698 illorum
725 659 873 698 laudem
909 660 1093 710 posuisset
1133 659 1175 696 in
1200 659 1363 709 ingenua

243 746 468 798 honestaque
506 747 746 799 simplicitate
785 760 828 809 ac
849 746 996 799 placida
1022 746 1227 798 majestate,
1255 745 1363 797 cujus

244 833 451 886 exemplum
475 833 701 886 proponebat
727 834 952 874 Laocoontis
979 836 1158 876 statuam,
1190 832 1280 871 haec
1299 832 1363 870 ad-

246 922 302 961 dit
329 936 337 960 :
380 922 579 961 nLaocoon
622 921 784 960 dolorem
825 923 984 973 patitur,
1021 924 1059 959 at
1097 922 1240 972 patitur
1265 921 1365 959 sicut

248 1008 501 1061 n(Sophoclis)
529 1007 773 1056 Philoctetes,
799 1008 836 1047 h.
863 1021 893 1046 e.
921 1010 1021 1047 sicut
1047 1008 1106 1047 vir
1127 1008 1367 1054 fortissimus,

248 1097 339 1147 aqui
365 1096 512 1136 vincere
538 1095 701 1134 dolorem
725 1098 912 1134 conatur.''

299 1183 403 1221 Haec
441 1181 750 1221 Winckelmanni
789 1182 899 1221 verba
938 1182 1171 1221 offenderunt
1214 1182 1367 1220 Lessin-

245 1271 352 1322 gium
378 1270 454 1322 (2),
482 1271 545 1308 cui
567 1270 730 1321 primum
754 1268 850 1308 illud
872 1268 1121 1320 quaerendum
1143 1269 1269 1308 visum
1294 1272 1368 1315 est,

173 1396 180 1404 ,
245 1356 432 1408 quomodo
465 1356 674 1396 Philocteta
696 1357 862 1396 miserias
885 1371 970 1396 suas
992 1357 1072 1408 pati
1100 1356 1279 1395 dicendus
1306 1356 1367 1395 sit.

250 1445 492 1490 uLamenta‚”
515 1444 658 1494 inquit,
687 1442 903 1491 nclamores,
918 1444 1217 1496 imprecationes,
1230 1443 1367 1494 quibus

251 1530 366 1570 uoh‘m
394 1531 597 1570 exercitum
619 1529 836 1581 impleverat
848 1532 886 1569 et
899 1542 1001 1568 sacra
1013 1530 1242 1576 turbaverat,
1264 1542 1368 1568 nunc

250 1631 353 1657 anon
375 1618 502 1658 minus
526 1616 699 1656 atrociter
724 1630 788 1668 per
810 1616 972 1656 insulam
999 1617 1178 1656 desertam
1197 1630 1370 1669 persona-

251 1705 375 1744 nbant.
404 1704 552 1743 Horum
578 1717 750 1757 magnam
768 1707 908 1756 partem
933 1706 1041 1756 poeta
1052 1704 1094 1743 in
1108 1717 1217 1743 scena
1229 1717 1370 1756 reprae-

252 1792 447 1832 usentavit.
501 1791 749 1830 Vociferando
781 1793 944 1843 corporis
973 1792 1115 1831 dolores
1138 1794 1373 1832 manifestare

253 1880 468 1932 nproprium
482 1892 525 1918 ac
537 1877 705 1918 naturale
717 1881 773 1917 est
784 1877 1011 1917 hominibus.
1038 1879 1153 1931 Apud
1162 1879 1371 1919 Homerum

252 1968 473 2007 nfortissimi
498 1967 625 2014 (luces,
652 1965 854 2012 vulnerati,
880 1979 985 2018 saepe
1005 1967 1247 2006 vociferantes
1255 1967 1369 2006 >humi

253 2055 489 2107 aprocidunt.
522 2053 651 2093 Venus
664 2053 738 2093 levi
751 2053 902 2093 vulnere
914 2056 1015 2093 tacta
1027 2054 1225 2094 inducitur
1236 2068 1371 2108 magna

252 2155 366 2182 nvoce
387 2140 547 2194 ejulans,
582 2153 658 2179 non
681 2142 725 2180 ut
751 2140 823 2180 hoc
847 2140 989 2192 ejulatu
1014 2141 1140 2182 mollis
1165 2142 1370 2195 voluptatis

290 2366 333 2403 (l)
355 2364 525 2396 Gedanken
544 2365 618 2394 iiber
638 2365 686 2394 die
706 2364 932 2404 Nachahmung
950 2366 1004 2396 der
1024 2355 1241 2397 Grieehischen
1253 2368 1367 2400 Werke

249 2424 283 2454 in
313 2423 367 2453 der
399 2421 560 2461 Mahlerey
590 2422 656 2452 und
675 2422 917 2453 Bildhaukunst.
960 2423 1073 2455 Dresd.
1091 2435 1123 2455 u.
1144 2425 1251 2464 Leipz.
1277 2428 1366 2456 1754.

250 2492 283 2522 p.
305 2464 341 2511 {1
365 2489 430 2519 sqq.
1066 2513 1069 2515 .

292 2539 335 2578 (2)
356 2537 504 2568 kaoon
536 2536 610 2567 oder
628 2537 702 2567 iiber
720 2537 771 2568 die
791 2536 932 2569 Grenzen
952 2539 1005 2570 der
1025 2539 1185 2579 Mahlerey
1205 2542 1270 2572 und
1290 2542 1370 2574 Poe-

251 2598 307 2628 sie.
330 2600 361 2626 3·
381 2595 467 2626 Aufl.
488 2594 594 2626 Berlin
618 2596 706 2624 1805.
