1759 3182
727 406 771 440 91

190 519 316 559 κτήτου
345 515 405 555 καὶ
437 517 605 563 στένοντος
639 517 732 557 κατὰ
762 517 825 561 τὴν
853 518 994 572 πόρειαν
1024 513 1102 555 διὰ
1121 513 1159 555 τὸ
1188 514 1308 568 ἄλγος.

188 610 405 662 Legendum
427 612 546 665 igitur
571 609 692 664 στίβον
719 610 1032 662 vertendumque:
1062 609 1190 649 nFerit
1203 621 1309 648 aures

190 685 349 750 gemitus
375 698 557 747 hominis,
592 700 659 751 qui
685 698 964 739 necessitate
1003 699 1192 736 coactus
1231 709 1307 749 per

188 786 388 825 semitam
413 799 570 838 repens
583 759 778 838 procedere
792 785 930 826 debet''.
984 784 1060 825 Cfr.
1074 784 1305 832 Ellemstius,

187 876 313 916 Lexic.
341 877 412 918 sub
438 890 528 917 voce
553 876 686 929 στίβος.

239 1055 286 1094 V.
314 1058 401 1095 207.
454 1054 617 1110 διάσημα
634 1057 708 1111 γὰρ
724 1057 839 1111 θροεῖ.

236 1143 297 1181 Ita
311 1156 435 1183 omnes
448 1142 546 1183 libri.
560 1144 604 1183 L.
619 1143 840 1185 Dindorfius
853 1158 874 1183 e
896 1144 1108 1196 conjectura
1130 1145 1281 1197 scripsit
1297 1160 1304 1183 ε

181 1232 220 1273 ὃ.
239 1250 276 1288 y.
300 1236 441 1290 θρηνεῖ,
456 1250 565 1288 quem
575 1240 726 1277 secutus
739 1237 957 1293 Wunderus
967 1239 1008 1277 in
1022 1237 1255 1290 antistropha
1268 1252 1303 1277 v.

183 1329 259 1367 216
273 1323 340 1380 pro
353 1331 425 1383 γάρ
436 1343 476 1368 τι
487 1328 582 1382 legit
594 1344 627 1369 τι
643 1332 714 1385 γάρ
720 1361 735 1383 ,
751 1330 886 1370 collato
899 1331 1029 1382 Eurip.
1043 1329 1126 1382 Iph.
1137 1330 1249 1369 Taur.
1265 1344 1299 1370 v.

183 1422 299 1459 1036:
314 1420 493 1460 ὑποπτεύω
512 1436 544 1461 τι
556 1424 642 1477 γάρ.
697 1423 771 1461 Sed
791 1423 1080 1475 vulgata,modo
1093 1426 1166 1478 γάρ
1180 1427 1303 1462 trans-

179 1510 354 1559 ponatur,
369 1509 468 1548 sicut
480 1509 569 1548 fecit
583 1508 804 1557 Triclinius,
817 1510 969 1549 retineri
991 1513 1123 1562 potest.
1178 1509 1304 1562 Hesy-

180 1600 287 1640 chius
316 1616 323 1640 :
351 1601 464 1656 θροεῖ·
497 1600 618 1654 λαλεῖ,
654 1600 773 1656 ψοφεῖ,
805 1600 973 1657 θορυβεῖ,
1006 1602 1109 1655 ἠχεῖ,
1140 1601 1301 1645 ἐκπλήτ-

177 1709 284 1734 τεται.
322 1695 371 1733 In
385 1694 615 1746 antistropha
629 1697 752 1734 autem
765 1698 864 1734 recte
876 1694 1116 1734 Hermannus
1131 1695 1300 1747 scripsit:

177 1785 315 1841 προβοᾷ
335 1784 386 1825 δέ
411 1801 444 1826 τι
466 1784 590 1826 δεινόν.
646 1786 735 1825 Nisi
757 1786 843 1836 quis
866 1799 953 1826 cum
975 1785 1192 1840 Hartungio
1219 1788 1307 1842 Spe?

175 1879 266 1933 γὰρ,
319 1882 356 1918 et
381 1880 421 1918 in
458 1860 687 1930 antistrophe
721 1876 861 1932 προβοᾷ
900 1892 932 1917 τι
966 1875 1079 1916 δεινόν
1108 1879 1182 1930 (vel
1195 1879 1301 1918 meli-

175 1986 220 2012 us
233 1973 387 2012 fortasse
415 1987 422 2011 :
450 1971 487 2012 τὸ
519 1968 653 2024 δεινόν,
690 1972 731 2011 in
754 1984 828 2023 quo
853 1969 1043 2023 emphasin
1069 1969 1180 2010 habet
1206 1972 1298 2011 arti-

176 2063 300 2116 culus)
324 2062 443 2117 legere
463 2062 579 2102 malit.
629 2060 843 2113 Hesychius
872 2076 879 2100 :
906 2061 1037 2116 ἓρέειν·
1056 2061 1191 2116 θροεῖν.
1247 2063 1296 2102 In

174 2156 403 2208 antistrophe
430 2159 553 2195 autem
577 2155 675 2194 illud
701 2158 773 2209 γάρ
798 2155 930 2207 procul
955 2155 1071 2194 dubio
1098 2155 1144 2194 ab
1171 2169 1293 2194 emen-

173 2244 350 2285 dantibus
376 2243 538 2284 metricis
564 2242 769 2295 profectum
791 2244 863 2291 est3
878 2255 963 2282 nam
985 2255 1062 2281 non
1075 2242 1183 2282 novit
1195 2241 1294 2282 illud

171 2333 379 2373 Scholiasta
406 2335 444 2371 et
470 2344 599 2371 sensus
624 2330 805 2382 repudiat.
879 2336 884 2341 '

222 2497 269 2536 V.
281 2499 368 2536 226.
394 2497 519 2551 ἔρημον
528 2492 601 2536 ὧδε
610 2493 756 2551 κᾶφιλον
766 2494 973 2549 καλούμενον
984 2492 1154 2550 φωνήσατ’
1164 2511 1199 2535 κ.
1208 2511 1242 2537 τ.
1255 2496 1291 2536 λ.

224 2590 468 2642 Participimn
494 2588 722 2643 καλούμενον,
749 2588 851 2641 quod
880 2589 1026 2629 codices
1054 2589 1191 2631 habent
1214 2604 1294 2631 om-
