1759 3182
985 379 1028 410 60

448 483 638 534 magisque
659 482 942 528 excandescens,
982 485 1102 533 optat,
1139 486 1183 521 ut
1203 486 1369 535 pereant,
1404 483 1563 534 primum

447 567 615 615 Atridae,
643 567 774 607 deinde
799 569 910 608 etiam
938 569 1091 621 Ulysses
1111 573 1148 609 et
1174 571 1448 623 Neoptolemus.
1486 570 1562 609 Hic

445 668 529 693 vero
570 655 667 694 diras
705 669 789 695 eum
815 657 972 696 retinere
996 660 1033 696 et
1060 657 1172 696 simul
1198 671 1324 697 arcum
1351 658 1478 698 dextra
1503 671 1563 697 ac-

444 742 562 793 cipere
583 742 708 794 jubet,
735 728 873 782 addens
899 757 938 783 se
962 757 1027 796 per
1049 744 1182 783 summi
1209 744 1235 782 J
1236 745 1317 784 ovis
1343 758 1482 784 nmnen
1500 745 1564 796 ju-

440 829 587 867 ravisse.

493 917 660 969 Repente
686 922 825 967 autem,
864 918 954 959 dum
980 919 1247 972 Neoptolemus
1280 932 1405 959 arcmn
1431 920 1565 968 tradit,

441 1005 643 1044 intervenit
678 1005 850 1056 Ulysses,
886 1019 1041 1057 eumque
1071 1006 1130 1045 id'
1151 1007 1267 1045 facere
1302 1009 1418 1054 vetat;
1457 1008 1563 1059 cujus

442 1104 531 1130 voce
571 1091 718 1139 audita,
758 1094 901 1142 quaerit
941 1093 1182 1140 Philoctetes,
1221 1093 1417 1143 Ulyssisne
1435 1107 1563 1132 vocem

439 1181 626 1230 agnoscat.
654 1180 707 1217 At
734 1178 796 1217 hic
819 1178 1046 1218 audacterin
1059 1178 1224 1219 medium
1238 1178 1420 1230 procedit,
1441 1179 1564 1219 adesse

439 1277 516 1303 sese
543 1266 742 1312 affirmans,
769 1266 836 1315 qui
854 1265 978 1312 illum,
1006 1266 1083 1304 sive
1096 1264 1186 1303 velit
1200 1265 1278 1303 sive
1290 1265 1386 1303 nolit
1395 1265 1562 1316 Neopto-

439 1351 574 1399 lemus,
601 1353 640 1391 vi
668 1352 896 1391 abducturus
919 1352 970 1391 sit
993 1352 1040 1390 ad
1061 1351 1187 1390 Ilium.
1214 1351 1351 1390 Parum
1371 1364 1457 1390 vero
1478 1352 1561 1391 abe-

438 1442 513 1486 rat,
540 1440 633 1490 quin
651 1439 745 1478 male
771 1440 940 1478 cessisset
962 1438 1092 1489 Ulyssi
1107 1437 1196 1476 haec
1209 1437 1416 1476 insolentia.
1445 1438 1561 1478 Nam-

439 1538 512 1575 que
524 1524 750 1564 Philoctetes
759 1554 768 1572 ,
795 1538 901 1563 arcus
916 1537 1080 1575 compos,
1106 1523 1224 1562 telum
1238 1524 1278 1561 in
1292 1523 1400 1562 illum
1415 1524 1561 1577 dirigit,

438 1626 508 1651 nec
543 1613 619 1651 nisi
651 1626 671 1650 a
690 1612 936 1663 Neoptolemo
958 1613 1141 1657 retentus,
1167 1611 1366 1661 quominus
1390 1613 1561 1663 sagittam

439 1712 529 1738 arcu
554 1700 716 1747 emittat,
758 1713 778 1737 a
803 1699 991 1750 proposito
1021 1697 1176 1736 desistit.
1230 1697 1386 1736 Interim
1408 1697 1561 1749 Ulysses

439 1787 543 1825 ocius
565 1800 603 1824 se
621 1786 794 1837 proripit,
816 1785 965 1823 latebris
980 1798 1017 1823 se
1030 1784 1244 1831 abditurus,
1270 1785 1379 1823 utrei
1389 1788 1560 1824 eventum

439 1873 656 1925 speculetur.
711 1872 825 1911 Dolet
861 1874 984 1910 autem
1016 1871 1241 1910 Philoctetes
1268 1844 1497 1923 prohibitum
1522 1886 1561 1911 se

438 1974 458 1999 a
485 1959 749 2012 Neoptolemo,
776 1959 978 2010 quominus
1005 1958 1171 1997 invisum
1204 1957 1391 1997 hominem
1416 1959 1561 1998 occide-

435 2052 507 2097 ret,
545 2062 732 2100 quumque
766 2047 831 2086 ille
865 2046 939 2086 tale
973 2047 1119 2085 facinus
1150 2059 1219 2085 nec
1246 2046 1318 2085 sibi
1344 2059 1462 2097 neque
1488 2048 1560 2098 ipsi

437 2136 611 2175 decorum
640 2134 812 2181 dixisset,
846 2133 972 2172 acerbe
998 2133 1143 2185 reponit
1169 2131 1410 2181 Philoctetes,
1436 2136 1559 2174 tamen

437 2225 629 2276 primarios
642 2223 728 2262 illos
742 2223 972 2262 Achivorum
985 2223 1084 2261 viros
1092 2251 1102 2269 ,
1128 2222 1406 2262 mendaciorum
1419 2224 1559 2262 machi-

435 2312 598 2358 natores,
625 2309 755 2363 lingua
768 2309 901 2358 fortes,
928 2322 1041 2348 manu
1054 2322 1138 2349 vero
1152 2309 1307 2362 ignavos
1326 2323 1412 2350 esse.
1458 2310 1578 2351 Con-'

435 2399 534 2438 cedit
548 2398 618 2436 hoc
632 2397 893 2449 Neoptolemo,
922 2397 984 2435 sed
997 2410 1090 2444 rem,
1109 2410 1218 2447 quam
1233 2399 1390 2450 cogitat,
1409 2398 1559 2451 aggredi

436 2486 605 2534 studens,
632 2485 881 2533 Philoctetae,
907 2498 1021 2536 quum
1049 2497 1148 2524 arma
1174 2486 1388 2537 recepisset,
1414 2486 1553 2525 nullam

431 2575 507 2624 jam
542 2587 706 2612 caussam
729 2587 806 2612 esse
833 2573 941 2618 dicit,
977 2585 1044 2610 cur
1069 2571 1141 2611 sibi
1169 2576 1391 2611 succenseat.
1446 2572 1558 2616 Quod
