1759 3182
887 391 933 423 30

350 477 615 546 spectatoribus
651 497 950 545 repraesentetur.
1004 494 1265 545 Respondente
1292 493 1375 540 illo,
1403 493 1468 531 do·-

348 581 420 620 lere
441 595 480 619 se
501 581 580 631 ejus
607 592 815 627 aerumnaS,
841 578 1069 618 Philoctetes
1087 580 1215 627 iterat,
1243 580 1343 630 quod
1358 580 1467 619 modo

349 668 507 713 dixerat,
533 666 702 705 morbum
724 665 905 705 violenter
926 665 1076 716 quidem
1099 666 1287 718 ingruere,
1314 667 1378 706 sed
1392 668 1468 707 cito

347 754 446 793 abire
459 753 591 801 solere3
618 756 700 792 orat
719 753 840 806 igitur
862 767 962 800 eum,
988 766 1036 792 ne
1058 767 1096 792 se
1119 753 1240 792 solum
1267 754 1469 806 relinquat3
1507 753 1509 755 ’

346 840 408 878 cui
436 840 499 879 hic
523 840 694 892 ambigue
719 840 932 892 respondet,
960 841 1041 880 sine
1064 840 1131 879 illo
1154 840 1255 879 abire
1282 841 1354 880 sibi
1368 842 1470 881 nefas

344 940 439 973 esse,
465 930 503 966 et
530 927 659 967 dextra
675 927 761 966 data
771 927 880 967 fidem
894 931 1071 979 praestat,
1098 941 1208 979 quam
1220 928 1285 967 ille
1298 929 1388 967 satis
1402 928 1468 967 ha-

345 1013 418 1052 bet.
445 1014 541 1053 Mox
566 1015 684 1053 tantis
704 1015 883 1067 affligitur
897 1015 1142 1062 cruciatibus,
1169 1019 1213 1054 ut
1227 1015 1273 1054 ad
1285 1016 1469 1054 insaniam

344 1101 446 1153 adigi
469 1101 654 1149 videatur,
682 1101 863 1153 verbaque
888 1101 972 1141 edat
999 1102 1155 1154 abrupta
1168 1105 1205 1141 et
1222 1102 1356 1150 brevia,
1370 1115 1462 1153 quae

344 1203 365 1227 a
390 1189 635 1240 Neoptolemo
648 1203 726 1227 non
748 1189 1027 1241 intelliguntur,
1050 1193 1222 1241 putante,
1249 1204 1333 1229 eum
1346 1203 1469 1229 revera

342 1278 516 1316 insanire.
570 1276 713 1329 Cupere
732 1277 898 1325 videtur,
925 1280 969 1316 ut
995 1278 1036 1316 in
1059 1281 1207 1316 antrum
1231 1291 1340 1316 suum
1349 1278 1468 1316 intro-

345 1365 519 1413 ducatur3
548 1365 650 1416 quod
672 1368 794 1403 tamen
822 1378 867 1403 ex
890 1365 969 1416 ejus
993 1364 1113 1403 verbis
1141 1365 1207 1403 vix
1231 1364 1397 1403 divinare
1410 1364 1468 1402 illi

343 1452 442 1491 licet.
507 1452 610 1491 Dum
650 1454 773 1490 autem
821 1450 1069 1491 Philoctetam
1114 1453 1306 1503 rogantem
1343 1450 1470 1491 dextra

341 1539 553 1591 prehendit,
595 1539 798 1584 ducturus,
835 1551 909 1588 quo
936 1537 1000 1576 ille
1023 1537 1150 1591 Vellet,
1177 1538 1296 1576 morbi
1319 1538 1377 1577 vis
1404 1551 1470 1577 au-

341 1629 452 1679 getur
484 1625 591 1673 adeo,
627 1628 671 1665 ut
707 1639 754 1664 ne
789 1626 896 1677 tangi
938 1625 1088 1676 quidem
1128 1638 1167 1664 se
1193 1625 1309 1672 sinat3
1338 1624 1471 1664 deinde

340 1713 447 1753 humi
473 1727 513 1755 se
539 1713 689 1765 projicit
716 1712 921 1763 Terraeque
939 1711 1140 1764 supplicet,
1168 1715 1212 1751 ut
1226 1726 1264 1751 se
1276 1712 1468 1752 moribun-

343 1803 433 1841 dum
465 1802 636 1853 excipiat.
691 1802 793 1840 Dum
822 1801 936 1839 sudor
968 1800 1012 1839 de
1049 1814 1199 1852 corpore
1231 1801 1310 1852 ejus
1340 1800 1468 1840 destil-

341 1890 396 1929 lat
428 1893 466 1929 et
507 1890 630 1929 sanies
655 1903 675 1928 e
715 1889 820 1928 venis
856 1888 992 1935 effluit,
1032 1902 1120 1928 mox
1155 1902 1285 1927 somno
1323 1889 1467 1940 sopitur

342 1980 532 2029 exoptato3
561 1990 673 2027 quare
699 1975 945 2026 tranquillum
986 1988 1070 2014 eum
1107 1975 1227 2021 sinere
1266 1974 1467 2026 Neoptole-

340 2078 423 2102 mus
446 2064 599 2102 comites
618 2076 705 2101 suos
728 2062 847 2112 jubet.

394 2217 727 2279 Vehementissima
744 2237 834 2276 haec
860 2235 1091 2275 Philoctetae
1116 2217 1276 2276 lamenta
1301 2240 1338 2276 et
1357 2238 1467 2277 fietus

339 2327 462 2366 tribus
502 2325 769 2365 eruditissimis
805 2325 896 2364 viris
926 2337 1052 2363 ansam
1088 2323 1285 2372 dederunt,
1322 2328 1365 2363 ut
1401 2339 1468 2364 sua

338 2416 496 2465 quisque
517 2414 661 2452 ratione
683 2412 729 2451 de
756 2426 797 2452 ea
822 2425 861 2451 re
888 2411 1225 2451 animadversiones
1247 2413 1288 2451 in
1299 2413 1466 2453 medium

341 2504 561 2556 proferrent,
590 2501 724 2555 dignas
738 2501 842 2548 illas,
865 2514 956 2551 quas
980 2514 1329 2548 commemoremus,
1356 2501 1467 2538 Win-

341 2591 605 2630 ckelmannum
637 2589 738 2636 dico,
766 2588 1026 2641 Lessingium,
1055 2588 1275 2628 Herderum.
