1759 3182
997 368 1042 401 84

456 481 531 518 158
555 481 591 518 et
615 482 703 518 666.
726 478 838 530 Soph.
861 478 959 517 Phil.
979 481 1055 518 811
1086 494 1094 518 :
1122 480 1206 519 ὔπνε
1224 478 1323 525 εὒαὴς
1340 480 1424 534 ἡμῖν
1440 478 1573 524 ἔλθοις.

453 574 543 612 Oed.
583 572 663 611 Col.
712 575 814 612 1378
848 587 856 611 :
892 575 1104 627 συμμάχους
1142 572 1262 612 ἐλθεῖν
1301 572 1390 627 ἐμοι.
1445 573 1575 625 Δ111313.

451 668 526 705 197
554 681 561 704 :
589 665 615 704 ἃ
640 667 710 711 τοῖς
727 667 881 721 ἀρίστοις
898 668 1039 721 ἔρχεται
1058 669 1155 707 κάτω
1173 667 1315 721 νεκροῖς.
1378 667 1516 707 Herod.
1543 667 1576 705 Ι.

451 754 513 791 83.
542 752 711 804 Thucyd.
740 752 853 792 VIII.
883 755 932 793 19
961 756 998 793 et
1026 757 1086 793 96.
1113 753 1224 794 Plato
1246 753 1402 794 Phaedr.
1426 757 1502 794 250
1526 755 1575 793 D.

449 841 553 879 Idem
591 844 713 879 autem
749 841 901 880 verbum
938 855 1022 879 oum
1058 843 1269 880 accusativo
1292 843 1467 892 junctum
1498 855 1574 879 non

448 926 560 967 habet
595 941 734 980 semper
760 941 838 967 eam
862 928 1135 979 assequendi
1162 928 1221 968 vel
1243 928 1499 981 occupandi
1524 930 1575 968 si-

449 1015 745 1066 gnificationem,
773 1028 883 1064 quam
907 1016 940 1052 ei
959 1015 1095 1059 tribuit
1108 1014 1340 1062 Wunderus,
1367 1015 1430 1053 sed
1445 1015 1574 1054 subin-

449 1102 494 1141 de
529 1100 748 1153 simpliciter
784 1103 939 1140 venire
974 1103 1181 1154 significat,
1208 1106 1252 1140 ut
1277 1102 1386 1141 Iliad.
1413 1104 1445 1141 I.
1475 1105 1572 1148 322,

446 1188 512 1228 ubi
552 1190 807 1242 Agamemnon
844 1173 1039 1241 praecones
1067 1188 1174 1241 jubet
1207 1188 1253 1228 ad
1280 1188 1463 1229 Achillem
1500 1190 1570 1237 ire,

448 1280 492 1316 ut
518 1276 726 1316 Briseidem
749 1276 937 1316 abducant
962 1290 969 1314 ε

505 1370 681 1425 ἔρχεσθον
728 1368 867 1415 κλισίην
916 1366 1131 1415 Πηληϊάδεω
1161 1365 1353 1422 Ἀχίληος,

449 1472 584 1498 meram
611 1458 722 1497 habet
749 1457 887 1497 eundi
911 1458 998 1496 vim.
1052 1457 1191 1496 Eodem
1215 1458 1325 1497 modo
1352 1458 1446 1497 XII.
1475 1460 1576 1496 483:

448 1556 506 1592 νῦν
527 1551 570 1592 δὲ
596 1551 640 1592 σὺ
671 1549 735 1605 μὲν
767 1548 897 1591 Ἀΐδαο
917 1550 1043 1604 δόμους
1063 1573 1122 1579 -
1140 1554 1277 1605 ἔρχεαι.
1307 1552 1417 1604 Soph.
1447 1552 1577 1591 Trach.

451 1650 527 1688 258
557 1662 565 1686 :
593 1648 737 1702 ἔρχεται
768 1644 869 1686 πόλιν
898 1646 960 1688 τὴν
992 1645 1195 1699 Εὔρυτείαν.
1229 1645 1340 1699 Ρ111ᾶ.
1366 1644 1499 1684 Isthm.
1522 1646 1576 1685 II.

450 1742 501 1779 48
527 1754 535 1778 z
558 1735 768 1800 &avgezisov
787 1737 868 1791 ἐμὸν
887 1736 1011 1791 ἔλθῃς.
1067 1739 1200 1789 Itaque
1222 1737 1259 1777 h.
1282 1738 1306 1777 1.
1331 1742 1414 1791 apte
1437 1739 1577 1778 dicitur

450 1832 489 1874 σὲ
520 1803 715 1875 δ’ἐπήλυθε
745 1834 884 1887 κράτος.
935 1844 1091 1883 regnum
1138 1832 1236 1871 enim
1285 1845 1363 1870 non
1407 1832 1577 1871 fortunae

453 1921 577 1973 aliquo
602 1934 691 1961 casu
717 1920 776 1960 illi
804 1919 1040 1972 obtingebat‚
1068 1919 1131 1958 sed
1158 1920 1265 1970 quasi
1292 1922 1392 1959 recta
1405 1920 1482 1967 via,
1508 1920 1532 1958 i.
1547 1934 1577 1959 e.

450 2009 653 2049 hereditate
667 2022 687 2047 a
699 2001 810 2066 Peleo
824 2010 861 2046 et
874 2005 1023 2046 Achille
1036 2006 1083 2045 ad
1096 2006 1381 2067 Neoptolemum
1396 2006 1575 2046 veniebat.

505 2185 553 2226 V.
583 2187 671 2227 147.
1056 2188 1183 2226 ὅποταν
1212 2183 1255 2226 δέ
1284 2185 1373 2239 μόλῃ

697 2278 808 2327 δεινὸς
839 2279 956 2328 ὁδίτης
971 2313 982 2332 ,
1016 2277 1120 2322 τῶνδ’
1136 2259 1138 2261 ¹
1153 2280 1192 2321 ἐκ
1223 2279 1415 2336 μελάθρων

691 2376 774 2429 πρὸς
806 2375 892 2428 ἐμὴν
922 2374 977 2414 ἀεὶ
1012 2376 1117 2430 χεῖρα
1148 2376 1344 2429 προχωρῶν
1374 2390 1411 2413 κ.
1430 2389 1462 2414 τ.
1476 2374 1512 2413 λ.

504 2503 653 2542 Primus
680 2502 895 2540 Wunderus
922 2501 1030 2552 ejecit
1055 2501 1165 2539 verba
1191 2496 1295 2540 τῶνδ’
1316 2500 1355 2539 ἐκ
1373 2500 1575 2555 μελάθρων,

453 2588 493 2627 111
529 2588 636 2629 libris
674 2590 846 2630 omnibus
873 2592 957 2642 post
984 2589 1263 2638 aee'mffaddita.
1319 2593 1460 2644 Nempe
1487 2605 1576 2632 oon-
