1759 3182
959 366 1006 399 90

420 473 612 526 Euripidis
639 474 870 513 iterationem
896 473 999 513 illam
1025 473 1276 526 lamentorum
1296 486 1447 514 suorum
1481 471 1544 511 de-

419 561 557 614 precari
586 563 760 600 coactam.

469 789 517 828 V.
546 792 634 829 204.
688 788 811 842 στίβου
851 787 925 830 κατ’
973 791 1135 845 ἀνάγκαν
1170 792 1341 845 ἕρποντος.
1410 790 1542 829 Minus

415 871 517 916 recte*
549 876 790 918 Hermannus
826 882 864 918 et
898 878 1012 931 hujus
1047 878 1213 931 exemplo
1249 877 1467 917 Wunderus
1503 880 1540 916 et

414 962 719 1004 Schneidewinus
755 966 1048 1017 interpretantur
1085 979 1093 1003 ε
1131 965 1384 1017 cujuspiam
1411 963 1540 1016 gravi

413 1048 733 1102 laboriosoque
769 1052 953 1091 incessu
987 1051 1308 1104 ingredientis,
1369 1050 1539 1089 Primum

411 1140 534 1192 στίβον
546 1155 624 1180 non
646 1142 968 1190 incessum,sed
991 1143 1209 1190 semitam,
1234 1141 1365 1181 deinde
1378 1142 1538 1195 ἀνάγκην

411 1242 488 1267 non
523 1230 797 1281 gravitatem
833 1232 869 1268 et
896 1229 1108 1277 laborem,
1134 1243 1263 1269 verum
1288 1230 1537 1287 necessita-

409 1318 497 1354 tem
534 1319 572 1355 et
608 1316 696 1355 vim
732 1316 943 1368 significh
977 1319 1077 1355 recte
1102 1317 1251 1355 monuit
1284 1315 1535 1368 Hartungius.

409 1409 543 1460 Neque
568 1408 671 1459 quod
698 1410 868 1460 sequitur
894 1422 929 1448 v.
961 1410 1050 1456 213,
1077 1404 1135 1448 ὑπ’
1164 1408 1322 1462 ἀνάγκας
1352 1406 1425 1459 βοᾷ
1450 1421 1536 1460 pro-

407 1496 487 1547 prie
508 1499 638 1536 notat:
668 1495 803 1535 clamat
838 1509 924 1547 prae
951 1495 1121 1543 dolore,
1158 1495 1222 1534 sed
1259 1496 1536 1534 necessitate

408 1585 598 1622 coactus
631 1596 744 1635 quam
769 1581 874 1622 dolor
904 1583 939 1622 ei
960 1583 1137 1635 imponit3
1162 1582 1287 1621 eodem
1309 1582 1419 1622 modo
1443 1582 1534 1621 Tra-

407 1675 507 1714 chin.
562 1689 597 1714 v.
625 1678 703 1714 822
732 1691 741 1714 t
783 1675 981 1729 Κενταύρου
1019 1675 1118 1728 φονία
1154 1676 1296 1728 ἀνάγκα
1332 1678 1388 1714 est
1422 1689 1534 1714 mor-

405 1762 546 1801 tifera
572 1762 822 1801 necessitas
846 1775 866 1800 a
889 1761 1117 1801 Centauro
1140 1761 1288 1800 Nesso
1310 1762 1532 1813 profecta,

406 1853 509 1904 quod
561 1856 660 1892 recte
703 1852 865 1905 explicat
915 1852 1147 1892 Scholiasta
1174 1854 1377 1907 θανάσιμον
1415 1840 1529 1908 αἷμα,

405 1940 584 1992 quoniam
623 1941 666 1980 in
701 1939 769 1980 illo
810 1941 993 1993 sanguine
1028 1940 1152 1980 fatalis
1193 1941 1266 1988 vis,
1302 1941 1531 1981 inevitabilis

403 2033 470 2073 leti
498 2034 697 2073 necessitas
725 2023 901 2087 (ἀνάγκη)
926 2034 1056 2072 inerat.
1119 2032 1309 2072 Praeterea
1333 2032 1435 2073 haud
1471 2048 1530 2073 sa-

403 2136 452 2162 ne
487 2121 688 2162 verisimile
722 2122 871 2160 infirmo
921 2124 1031 2172 atque
1071 2133 1180 2173 aegro
1213 2121 1304 2172 pede
1339 2121 1528 2161 Philocte-

402 2214 480 2252 tam
520 2209 610 2250 adeo
645 2209 793 2249 fortiter
830 2210 965 2248 terram
1004 2206 1151 2260 pulsare
1190 2207 1375 2260 potuisse,
1395 2210 1440 2248 ut
1467 2222 1529 2248 so-

403 2301 509 2340 nitus
540 2299 672 2352 procul
712 2298 912 2338 audiretur.
978 2296 1031 2336 Et
1067 2296 1203 2336 chorus
1243 2310 1320 2336 non
1359 2297 1528 2349 loquitur

404 2389 449 2428 de
475 2387 615 2427 talibus
642 2387 830 2439 vestigiis,
866 2385 930 2425 sed
957 2385 1002 2425 de
1029 2387 1148 2433 sonis,
1174 2398 1268 2436 quos
1300 2385 1528 2426 Philoctetes

402 2495 488 2534 prae
526 2479 650 2520 dolore
683 2479 865 2519 mittebat.
918 2478 1021 2518 Bene
1054 2477 1262 2519 Scholiasta
1300 2494 1307 2518 :
1344 2479 1454 2519 Τοῦτο
1484 2476 1527 2518 δέ

404 2588 506 2628 φησιν
535 2574 553 2613 ὁ
585 2572 703 2629 χορὸς,
736 2572 865 2613 κτύπον
895 2571 1047 2618 ἀκούσας
1065 2571 1296 2627 ἐπερχομένου
1326 2576 1386 2613 τοῦ
1411 2571 1527 2613 Φιλο-
