1759 3182
959 360 1002 392 88

410 482 565 504 mannus
579 468 690 515 βάρη·
703 470 729 502 ἆ
743 490 795 494 -
818 469 860 502 Ν
859 472 999 502 eutr-am
1022 469 1170 511 probari
1184 470 1434 510 conjecturam
1447 480 1533 510 pos-

408 552 462 584 se,
501 539 715 574 Wunderus
753 539 794 574 in
834 538 1075 577 annotatione
1102 537 1148 576 ad
1171 536 1207 577 h.
1234 535 1260 580 1;
1279 536 1407 602 (Edit.
1434 537 1531 605 Hae)

412 642 556 678 docuit,
585 653 704 679 neque
731 652 825 678 quae
847 641 893 669 ad
903 651 944 669 ea
957 640 1149 677 respondit
1160 639 1396 667 Hermannus
1412 639 1534 666 Wun-

410 709 490 768 deri
499 711 714 782 argumenta
721 708 1000 782 redarguerunt.
1007 708 1135 774 Quum
1144 710 1386 792 famenlonga
1396 713 1536 779 syllaba

412 817 497 845 ante
524 798 766 858 ἁθυρόστόμος
788 813 991 844 necessaria
1018 813 1069 844 sit
1095 815 1133 844 et
1154 811 1384 857 *adjectivum
1408 809 1538 862 βαρεῖα

412 904 478 951 vix
505 904 593 951 addi
619 922 726 966 posse
752 907 923 954 videatur
945 909 1180 955 substantivo
1207 910 1314 968 ἀχὼ,
1343 910 1443 966 quod
1461 911 1537 967 jam

412 999 558 1032 duobus
568 999 762 1032 attributis
770 1023 780 1041 ‚
796 1009 889 1045 quae
899 1000 1089 1043 vocantur,
1099 998 1326 1033 instructum
1339 998 1406 1043 est,
1417 996 1536 1033 Gern-

411 1084 565 1136 hardus,
592 1087 633 1128 in
662 1087 841 1129 Observv.
864 1089 906 1129 in
934 1088 1129 1141 Sophoclis
1155 1089 1414 1136 Philoctetam,
1442 1090 1534 1128 scri-

408 1152 571 1217 bendum
608 1179 768 1232 conjecit
800 1177 944 1235 βαρείας
974 1174 1151 1237 δ’ἀὲυρ.;
1173 1213 1176 1219 .
1201 1178 1266 1220 sed
1304 1191 1446 1229 vereor,
1486 1192 1533 1220 ne

409 1274 537 1328 βαρεῖα
580 1278 618 1312 et
661 1277 774 1327 πικρά
808 1275 932 1312 eodem
973 1275 1141 1335 redeant,
1194 1287 1305 1323 quare
1344 1274 1431 1312 talis
1472 1274 1539 1311 ad·-

405 1361 555 1415 junctio
591 1361 642 1403 sit
663 1374 944 1421 supervacanea.
966 1406 968 1409 ,
999 1360 1124 1415 Magis
1147 1360 1337 1416 probanda
1356 1361 1455 1405 ,mihi
1479 1362 1536 1402 vi-

411 1455 519 1493 detur
542 1454 814 1492 Schneidewini
828 1453 1203 1505 emendatiolegentis
1218 1452 1343 1507 βαρέα·
1365 1454 1390 1492 ἁ
1409 1446 1538 1504 δ’ἀὲ.,

414 1542 565 1582 laudata
592 1542 657 1581 illa
681 1542 725 1581 ab
753 1541 970 1596 Hartungio
998 1541 1045 1580 ad
1071 1541 1107 1579 h.
1130 1542 1176 1588 1.,
1211 1543 1379 1591 quamvis
1406 1556 1539 1593 negare

411 1647 489 1673 non
521 1633 678 1686 possim,
720 1630 833 1687 βαρέα
860 1635 946 1685 post
973 1633 1148 1676 ἀνήκεστα
1175 1633 1342 1673 additum
1365 1634 1538 1687 languere

413 1721 699 1772 quodammodo,
728 1724 826 1759 certe
858 1720 1029 1759 vocabuli
1058 1722 1133 1760 vim
1160 1735 1237 1759 non
1261 1735 1403 1774 augere.
1444 1723 1535 1761 For-

410 1818 508 1854 tasse
519 1828 586 1867 pro
599 1813 728 1870 βαρεῖα
744 1815 939 1867 legendum
956 1812 1012 1866 βο
1025 1819 1063 1865 ᾇ·
1095 1817 1157 1863 cui
1171 1817 1309 1867 optime
1324 1819 1537 1868 congruunt

410 1923 503 1961 quae
530 1913 739 1961 sequuntur
763 1924 771 1948 ε
798 1910 824 1948 ἁ
854 1904 1135 1963 δ’ἀθυρόστομος
1164 1908 1270 1949 κ.τ.ἑ.

463 2003 579 2042 Porro
606 2002 703 2041 illud
726 2002 928 2054 ὑπόκειται,
962 2002 1063 2055 quod
1087 2003 1253 2054 spurium
1281 2016 1358 2040 esse
1381 2016 1400 2040 e
1428 2002 1535 2041 scho-

409 2090 472 2130 liis
496 2094 702 2143 appareret,
743 2091 887 2130 etiamsi
915 2091 1040 2130 sensui
1067 2104 1144 2129 non
1168 2076 1405 2130 contrarium·
1423 2095 1535 2138 esset,

413 2183 630 2223 criticorum
654 2197 761 2223 curas
789 2184 965 2224 exercuit.
993 2184 1179 2224 Brunckii
1206 2185 1413 2241 emendatio
1439 2185 1538 2227 ὑπα-

411 2276 503 2315 κούει
541 2278 735 2317 nonsatis
758 2277 876 2315 fortis·
890 2280 946 2315 est
969 2290 1087 2327 neque
1112 2276 1332 2316 scholiastae
1358 2278 1536 2330 interpre-

412 2364 549 2405 tationi
587 2364 762 2404 convenit
800 2378 807 2402 ἰ
860 2368 1115 2424 ἀθυρύστομος·
1181 2368 1431 2422 πολυλοὶλητος,
1486 2373 1536 2425 μὴ

412 2462 591 2517 εἰργομένη
644 2465 704 2502 τοῦ
752 2462 991 2518 φθέγγεσθαι·
1025 2463 1267 2518 ἀθυρόστομον
1298 2461 1339 2503 δὲ
1370 2464 1444 2504 εἶπε
1475 2466 1537 2507 τὴν

412 2556 516 2608 ἠχὼ,
550 2555 622 2595 ἐπεὶ
656 2556 740 2610 πρὸς
770 2560 903 2601 πάντας
934 2557 1220 2612 ἀντιφθέγγεται.
1294 2553 1341 2597 'O
1371 2557 1413 2597 δὲ
1447 2562 1532 2603 νοῦς·
