1759 3182
739 389 786 423 43

166 503 169 509 ·
203 495 360 536 feliciter
374 494 617 547 Neoptolemo
640 498 904 545 successerant,
926 496 1077 550 jamque
1101 495 1143 534 in
1166 508 1209 535 eo
1228 495 1324 540 erat,

204 584 250 621 ut
259 581 383 620 drama
395 594 482 621 mox
496 582 606 621 finem
618 582 805 622 videretur
817 582 1031 622 habiturum
1040 612 1051 631 ,
1077 583 1132 621 ita
1141 612 1152 630 ,
1178 583 1325 621 mutato

206 669 285 720 ejus
311 669 485 717 consilio,
511 670 636 710 subita
657 671 702 710 fit
728 672 887 710 actionis
907 671 1097 710 conversio
1120 673 1158 709 et
1175 671 1325 721 incepta

207 768 264 795 res
289 768 438 807 prorsus
460 756 603 796 turbari
616 756 768 809 incipit,
788 756 1086 809 quandoquidem
1098 755 1325 795 Philoctetes

209 842 394 882 obstinate
414 845 560 882 recusat
581 845 713 894 sponte
734 855 802 880 sua
827 842 976 894 Trojam
1001 843 1197 894 proficisci.
1239 842 1328 880 Ari-

211 934 354 975 stotelis
387 934 497 975 verba
536 949 544 973 :
583 936 656 975 ἔστι
699 931 742 973 δὲ
776 936 985 989 περιπάτεια
1023 933 1086 989 μὲν
1125 936 1149 977 ἡ
1202 934 1248 980 εἷς
1291 933 1331 974 τὸ

208 1027 361 1067 ἐνάντιον
402 1030 472 1066 τῶν
512 1027 754 1080 πραττομένων
795 1025 975 1079 μεταβολή
989 1057 1000 1077 ,
1054 1026 1333 1078 exemplumque

150 1130 152 1132 ·
211 1115 257 1154 ab
292 1128 335 1154 eo
370 1128 416 1154 ex
463 1113 607 1165 Oedipo
647 1113 800 1153 allatum
839 1113 930 1153 hm‘c
969 1114 1173 1153 sententiae
1220 1114 1333 1152 unice

212 1202 333 1241 favere
355 1200 523 1240 arbitror.

265 1286 340 1325 His
370 1287 542 1334 monitis,
568 1287 787 1326 revertimur
813 1286 861 1324 ad
886 1287 1004 1337 ipsam
1029 1286 1202 1325 fabulam.

264 1374 377 1413 Brevi
417 1373 684 1413 exclamatione
705 1372 972 1425 Neoptolemus
996 1373 1111 1412 animi
1131 1372 1338 1417 dubitatio-

214 1473 318 1507 nem,
358 1460 450 1510 quid
478 1460 612 1499 dehinc
633 1460 800 1499 facturus
822 1460 893 1508 sit,
920 1446 1120 1513 significat.
1173 1460 1336 1500 Miratus

216 1546 426 1585 Philocteta
447 1548 592 1597 quaerit
618 1547 761 1594 statim,
793 1546 886 1597 quid
911 1547 983 1585 hoc
1002 1547 1093 1586 ⁴sibi
1115 1546 1216 1586 velit.
1265 1547 1338 1586 Ille

217 1633 354 1681 nescit,
382 1632 474 1684 quid
495 1632 723 1685 respondeat.
750 1633 898 1672 Anxius
916 1633 994 1685 jam
1013 1632 1240 1682 Philocteta,
1265 1647 1340 1686 qua

219 1720 265 1759 de
285 1733 325 1759 re
349 1720 498 1759 tandem
521 1720 708 1767 haesitet,
724 1720 947 1759 sciscitatur.
1000 1720 1237 1772 Suspicatur,
1261 1720 1341 1759 Ne-

190 1825 192 1827 >
218 1806 441 1859 optolemum
479 1806 602 1846 taedio
642 1807 815 1846 affectum
845 1807 923 1859 jam
948 1809 1135 1859 poenitere
1159 1809 1342 1861 promissi.

220 1893 365 1938 Quum·
388 1894 479 1933 alter
512 1893 778 1946 respondisset,
812 1894 935 1934 omnia
970 1908 1049 1934 esse
1081 1895 1267 1944 difficih'a,
1308 1897 1342 1936 si

220 1984 305 2036 quis
344 1984 466 2024 invita
504 1985 637 2022 natura
674 1982 819 2029 fecerit,
858 1995 952 2033 quae
995 1996 1074 2022 non
1112 1986 1341 2035 oportuerat,

220 2072 340 2125 magis
366 2071 477 2111 etiam
502 2071 658 2110 miratus
683 2070 846 2123 reponit,
867 2069 980 2110 illum
1005 2073 1130 2111 tamen
1155 2070 1254 2111 nihil
1278 2084 1344 2124 pa-

220 2160 278 2196 tre
298 2129 499 2209 indignum
511 2168 580 2195 nec
593 2156 723 2194 fecisse
743 2168 813 2193 nec
832 2154 1000 2194 locutum
1014 2169 1108 2203 esse,
1123 2168 1237 2206 quum
1246 2156 1344 2196 bono
1358 2152 1371 2160 “

223 2245 305 2285 viro
332 2245 555 2284 subveniret.
608 2242 681 2282 Ille
709 2245 830 2281 autem
867 2243 990 2281 animo
1012 2244 1162 2295 gravius
1183 2257 1345 2282 commo-

221 2333 261 2370 to
286 2344 294 2369 :
324 2330 385 2369 nO
411 2329 439 2368 J
439 2331 600 2383 upiter,''
627 2330 773 2381 inquit,
808 2329 924 2381 aquid
945 2329 1102 2369 faciam?
1156 2330 1347 2370 Iterumne

227 2417 369 2457 amalus
406 2416 652 2469 deprehendar
677 2430 763 2457 vera
799 2416 950 2456 celando
986 2421 1023 2457 et
1049 2421 1158 2471 turpe
1196 2418 1348 2458 menda-

229 2506 353 2546 ucium
399 2503 556 2544 dicendo
566 2503 607 2543 P''
674 2503 759 2544 Jam
790 2503 1018 2554 Philocteta,
1058 2519 1173 2558 quum
1199 2520 1349 2559 prorsus

227 2596 374 2648 ignoret
401 2604 565 2631 caussam
592 2591 796 2644 perturbati
823 2591 925 2631 illius
953 2593 1083 2641 animi,
1111 2607 1214 2634 nunc
1240 2594 1352 2634 intel-
