1759 3182
788 383 911 433 35*

300 504 411 544 Errat
445 506 626 556 praeterea
669 504 876 554 Herderus,
909 517 1024 561 quum
1055 517 1132 544 non
1174 503 1370 543 clamore

251 593 447 633 dolorem
461 593 587 632 edere
599 593 903 633 Philoctetam
929 592 1134 632 contendit.
1160 592 1370 631 Rectam-0

250 678 323 718 hoc
342 680 475 719 statuit
499 681 728 733 Lessingius.
782 679 808 719 J
810 694 867 718 am
888 680 1002 718 initio
1019 678 1164 719 fabulae
1181 677 1370 718 Philocte-

252 769 313 805 tae
339 768 617 807 vociferationes
639 771 810 807 'caussam
836 768 951 806 fuisse
989 763 1166 805 memorat
1196 765 1371 816 Ulysses,

252 854 301 895 ob
326 868 436 906 quam
461 856 527 894 ille
538 856 627 895 olim
640 856 682 896 in
703 855 846 894 Lemno
859 856 953 893 oeset
964 852 1128 892 relictus.
1182 851 1371 891 Herderus

253 945 376 982 eutem
384 972 394 990 ‚
402 946 447 982 ut
459 955 565 981 suam
571 945 719 981 tueatur
732 941 967 989 sententiam,
978 939 1155 991 Ulyssem
1165 950 1246 978 rem
1259 952 1371 991 exag-

253 1042 397 1082 gerasse
416 1028 574 1079 judicat.
610 1029 665 1067 At
690 1029 769 1079 ipse
789 1027 1015 1066 Philoctetes
1046 1041 1081 1066 v.
1106 1027 1183 1066 276
1207 1025 1374 1077 Neopto—

253 1114 352 1154 lemo
380 1114 489 1163 dicit,
517 1114 642 1165 quales
669 1117 776 1167 putet
798 1128 837 1154 se
858 1115 1030 1154 lacrimas
1038 1114 1196 1161 fudisse,
1216 1112 1375 1163 quales

255 1201 451 1254 gemitus
494 1200 714 1249 edidisse3
754 1204 791 1241 et
839 1215 875 1241 v.
917 1203 1020 1240 1430
1059 1214 1158 1253 seqq.
1198 1199 1376 1241 valedicit

256 1289 396 1336 monti,
423 1289 490 1340 qui
515 1289 627 1328 toties
652 1302 739 1328 suos
753 1289 881 1328 afflicti
905 1289 1118 1328 clamores
1144 1287 1379 1327 reddidisset.

258 1376 363 1420 Quid
388 1376 489 1427 quod
514 1377 637 1428 ipsum
663 1376 836 1417 audimus
862 1376 1079 1429 ejulantem,
1110 1390 1185 1428 quo
1212 1379 1378 1429 tempore

240 1452 467 1503 ‘solitarium
495 1477 534 1502 se
559 1477 637 1503 esse
663 1456 781 1515 putat.
833 1463 979 1503 Chorus
1006 1478 1041 1504 v.
1070 1466 1147 1503 200
1184 1477 1282 1515 seqq.
1310 1477 1379 1503 au-

261 1550 335 1589 diri
366 1550 420 1589 ait
446 1549 614 1588 sonitum
640 1552 686 1589 ut
711 1549 875 1590 hominis
910 1552 1072 1603 graviter
1096 1551 1300 1590 laborantis
1336 1563 1380 1589 ac

247 1637 406 1687 *difficili
432 1638 604 1690 ingressu
622 1650 727 1690 aegre
740 1637 965 1687 incedentis3
984 1639 1126 1691 percipi
1139 1653 1160 1678 e
1172 1638 1383 1692 longinquo

262 1738 390 1766 vocem
415 1723 668 1772 lamentantis,
691 1737 726 1764 v.
754 1725 831 1764 205
860 1737 981 1777 seqq.:

652 1848 733 1891 οὐδέ
762 1864 807 1904 με
836 1849 911 1889 λοί-

421 1947 481 1986 θει
512 1945 640 2001 βαρεῖα
667 1943 817 1989 τήλοὲεν
845 1944 916 1984 αὐ-

423 2036 476 2081 do}
506 2041 685 2097 τρυσοίνωρ
699 2048 708 2057 ·
742 2036 905 2093 διάσημα
936 2038 1042 2094 θροεῖ
1065 2039 1152 2093 γάρ.
1189 2033 1251 2092 (l)

264 2180 345 2226 Qui
363 2180 531 2229 tandem,
566 2179 626 2219 his
668 2179 792 2228 lectis,
831 2178 1021 2219 Herderus
1061 2179 1282 2219 contendere
1319 2193 1385 2233 po-

267 2270 365 2317 tuit,
404 2270 470 2309 vix
496 2268 653 2309 infantis
675 2268 794 2307 instar
819 2268 1028 2321 vagientem
1043 2268 1174 2308 'audiri
1197 2268 1386 2309 Philocte-

269 2356 379 2398 tam?

1317 2479 1343 2494 O

314 2569 360 2608 (1)
381 2567 444 2599 Pro
463 2565 553 2610 ,θροεῖ
572 2565 612 2597 L.
647 2565 826 2597 Dindorflus
858 2566 989 2603 coniecit
1006 2565 1138 2609 θρηνεῖς
1171 2575 1279 2599 sensus
1288 2571 1393 2600 tamen

273 2628 379 2659 eodem
399 2626 487 2658 redit.

1194 2703 1249 2740 3*
