1759 3182
432 465 528 505 idem
555 464 712 514 denique
734 464 796 503 hic
821 468 865 503 ut
891 465 1043 504 Graecis
1070 466 1204 523 ex‘imie
1229 479 1336 506 curus
1367 469 1461 514 erat,
1496 464 1551 504 ita

431 553 610 603 Trojanos
650 552 811 590 maximo
856 552 943 591 odio
988 551 1164 600 habebat-3
1204 565 1317 603 quare
1354 567 1420 606 par
1458 555 1552 600 erat,

428 639 529 678 hunc
565 638 711 678 heroem
742 642 780 678 et
802 639 935 690 Trojae
955 639 1143 679 excidium
1175 640 1335 678 maxime
1356 641 1460 680 cordi
1487 640 1552 679 ha-

428 727 553 766 buisse
578 726 808 776 eundemque
832 726 932 777 ‘apud
959 724 1207 764 Philoctetam
1231 739 1375 765 summa
1394 726 1554 766 valuisse

427 813 658 853 auctoritate.
699 806 702 809 ⁴

480 898 665 938 Hercules
699 899 819 951 igitur
854 912 900 938 ex
937 898 1081 938 aethere
1105 910 1281 950 apparens
1307 896 1553 936 Philoctetam

402 974 579 1026 ⁴domum
619 987 796 1039 navigare
839 989 958 1033 vetat,
997 986 1213 1037 priusquam
1263 998 1329 1024 sua
1361 985 1555 1024 'audiverit

427 1073 547 1114 verba.
605 1074 735 1113 nScito
772 1072 938 1121 autem',”
966 1061 1201 1125 inquit,'nte
1227 1071 1402 1112 Herculis
1425 1085 1555 1112 vocem

428 1161 581 1198 nandire
602 1161 809 1209 fisciemque
832 1160 1051 1211 adspiceres
1084 1161 1258 1198 Affirmat
1274 1172 1312 1197 se
1324 1159 1554 1198 Philoctetae

426 1247 548 1300 gratia
567 1246 784 1286 coelestium
804 1246 908 1286 sedes
929 1246 1138 1297 reliquisse,
1161 1259 1292 1286 arcana
1311 1246 1419 1286 Jovis
1434 1247 1557 1285 consi-

424 1334 470 1373 lii
492 1335 526 1373 ei
548 1326 762 1386 aperturum
791 1335 828 1372 et
855 1333 1109 1372 dissuasnrum
1135 1334 1410 1385 profectionem,
1445 1346 1555 1384 quam

426 1426 539 1474 paret.
592 1424 651 1461 Ac
665 1423 828 1474 primum
849 1422 1000 1473 quidem
1015 1436 1101 1461 suae
1114 1422 1232 1474 ipsius
1245 1436 1329 1462 eum
1346 1435 1556 1462 commone-

425 1511 517 1551 facit
539 1511 735 1558 fortunae,
757 1513 850 1562 quot
869 1509 1059 1550 laboribus
1072 1509 1270 1550 exantlatis
1283 1509 1555 1551 immortalium

428 1600 581 1638 deorum
609 1599 767 1637 honores
787 1600 838 1636 sit
861 1598 1026 1649 adeptus.
1054 1599 1116 1636 Ita
1128 1598 1235 1636 illum
1252 1611 1400 1648 quoque
1412 1611 1557 1637 aerum-

427 1701 495 1726 nas
518 1688 597 1739 pati
625 1689 808 1739 oportere,
849 1686 880 1725 si
908 1684 1149 1725 immortalem
1174 1685 1372 1737 aliquando
1399 1685 1557 1738 gloriam

428 1773 586 1825 adipisci
614 1772 715 1811 velit.
745 1771 861 1810 Jubet
888 1775 1011 1811 autem
1032 1785 1117 1811 eum
1137 1784 1224 1811 cum
1248 1772 1495 1824 Neoptolemo
1510 1773 1556 1811 ad

429 1861 578 1910 Trojam
606 1860 809 1911 proficisci,
836 1863 881 1898 ut
903 1861 1067 1910 primum
1090 1861 1170 1911 ipse
1194 1860 1370 1898 liberetur
1407 1861 1555 1906 morbo,

429 1946 562 1987 deinde
583 1946 728 1995 Parim,
755 1945 890 1986 horum
913 1946 1098 1986 malorum
1125 1948 1335 1993 auctorem,
1361 1947 1439 1987 suis
1472 1946 1557 1987 telis

426 2036 619 2073 interimat
646 2038 682 2073 et
716 2035 866 2085 'frojam
906 2034 1101 2073 exscindat
1141 2035 1362 2087 spolietque3
1403 2036 1558 2075 virtutis

427 2124 588 2176 praemia
624 2137 645 2162 a
680 2124 831 2162 Graecis
872 2127 1021 2175 accepta
1057 2124 1209 2163 domum
1251 2125 1380 2180 mittat
1420 2126 1466 2164 ad
1493 2139 1558 2177 pa-

429 2217 541 2261 trem3
569 2226 662 2263 quae
689 2225 775 2251 vero
802 2211 920 2264 spolia
947 2213 1025 2251 suis
1049 2212 1198 2265 sagittis
1213 2185 1261 2252 de
1271 2213 1443 2265 Trojanis
1454 2226 1558 2265 cepe-

429 2301 498 2346 rit,
526 2312 566 2337 ea
593 2300 665 2337 sibi
689 2302 733 2337 ut
760 2303 1047 2338 monumentum
1075 2300 1117 2338 iu
1143 2300 1229 2338 fano
1246 2300 1362 2352 (quod
1375 2302 1416 2339 in
1431 2303 1559 2339 monte

432 2385 528 2424 Oeta
556 2384 712 2424 Herculi
741 2387 927 2424 sacratum
954 2385 1047 2437 erat)
1074 2383 1228 2425 dedicet.
1283 2385 1381 2426 Tum
1409 2387 1561 2438 utrique

432 2472 684 2519 commendat,
711 2475 773 2519 ut,
801 2473 978 2523 quoniam
1004 2475 1135 2512 neuter
1161 2486 1286 2512 eorum
1311 2475 1393 2513 sine
1406 2472 1559 2512 alterius

433 2575 500 2611 ope
540 2562 689 2612 Trojam
731 2574 857 2612 capere
892 2564 1031 2612 posset,
1068 2561 1177 2602 ambo
1208 2565 1387 2613 tanquam
1407 2563 1556 2602 leonum
