1759 3182
997 378 1050 426 '⁷8

521 499 567 538 V.
590 495 656 538 33.
683 502 811 542 στιπτή
840 513 881 553 γε
913 498 1059 553 φυλλάς.
1114 500 1188 539 Pro
1214 504 1358 545 στειπτή
1371 498 1585 539 Wunderus

467 591 632 630 restituit
670 596 798 635 στιπτή
810 620 820 636 ,
866 587 911 631 iit
948 607 982 633 v.
1024 596 1059 632 2.
1090 595 1259 637 ἄστιπτος
1297 606 1364 644 pro
1390 596 1585 637 ἄστειπτος.

465 679 526 716 Ita
548 679 646 717 enim
673 680 933 732 corrigendum
959 681 1034 719 fuit
1056 694 1102 719 ex
1123 680 1190 718 La.
1215 679 1285 718 Lb.
1303 679 1348 718 B.
1363 680 1407 718 Τ.
1421 683 1458 718 et
1471 679 1588 718 Suida

465 768 535 808 sub
561 783 652 809 voce
677 772 828 811 στιπτοί.
862 773 1010 817 Στιπτός
1032 772 1351 812 consentientibus
1376 771 1483 812 libris
1501 785 1587 811 mss.

464 856 603 910 legitm·
629 858 728 911 apud
754 859 948 913 Aristoph.
972 858 1134 899 Acharn.
1161 873 1196 899 v.
1212 860 1287 898 130
1302 860 1340 898 et
1353 857 1451 911 apud
1465 857 1588 910 Hesy-

465 948 600 986 chium.
628 949 759 988 Minus
782 953 881 989 recte
902 949 1122 989 Dindorfius
1149 950 1245 989 illud
1265 964 1286 989 a
1299 948 1585 1003 Ρθῐΐ.ἐστίβημαι

465 1042 552 1081 duci
576 1042 676 1091 vult3
704 1045 759 1082 ita
781 1045 879 1083 enim
908 1045 980 1096 adj.
1007 1045 1151 1085 verbale
1176 1046 1271 1084 foret
1297 1043 1471 1095 στιβητός.
1500 1045 1586 1083 Nu-

462 1129 617 1180 perrime
653 1142 739 1168 vero
763 1129 1003 1183 Hartungius
1038 1131 1080 1169 in
1116 1130 1218 1170 Edit.
1240 1130 1402 1170 Philoct.
1435 1130 1585 1182 scripsit

460 1225 616 1274 στρωτή,
661 1222 762 1271 quod
800 1235 846 1259 ex
872 1221 1100 1261 Scholiastae
1130 1222 1376 1274 explicatione
1404 1237 1411 1261 :
1439 1237 1585 1276 χαμαι-

459 1327 513 1353 στ
525 1329 584 1367 ρω
597 1314 679 1353 σία
727 1313 765 1352 ἐκ
812 1313 949 1367 φύλλων
984 1315 1122 1362 effecit,
1164 1315 1390 1354 contendens
1418 1314 1477 1354 vel
1504 1316 1585 1354 sine

460 1406 573 1459 hujus
600 1407 815 1446 testimonio
842 1410 979 1461 στρωτή
1003 1406 1238 1446 scribendum
1251 1407 1382 1455 fuisse,
1409 1408 1583 1460 quoniam

458 1500 529 1537 hoo
555 1499 638 1537 loco
666 1503 797 1551 agatur
825 1500 869 1538 de
890 1500 987 1537 lecto
1017 1501 1211 1552 (στρωμνή)
1241 1500 1301 1538 vel
1324 1500 1456 1546 cubili,
1483 1500 1583 1549 quod

458 1596 580 1632 tamen
607 1593 763 1644 pedibus
790 1594 861 1632 teri
880 1606 958 1631 non
983 1592 1107 1631 soleat.
1162 1593 1343 1631 Dativum
1356 1605 1464 1643 porro
1478 1592 1583 1631 ἐναυ-

457 1685 594 1733 λίζοντί
618 1700 668 1741 τῳ
696 1685 1007 1738 significationem
1024 1685 1211 1732 commodi,
1238 1684 1303 1736 qui
1332 1683 1487 1732 dicitur,
1515 1685 1580 1725 ob-

456 1776 575 1814 tinere
588 1773 659 1812 hoc
682 1786 814 1811 sensu:
841 1787 925 1811 voor
964 1773 1126 1818 iemand,
1154 1773 1215 1810 die
1239 1785 1279 1809 m·
1305 1772 1346 1809 in
1374 1774 1578 1810 ovemacht.

457 1861 530 1901 Sed
558 1860 726 1912 quamvis
755 1859 901 1912 elegans
930 1859 980 1898 sit
994 1857 1083 1898 haec
1107 1859 1335 1911 conjectura,
1371 1860 1494 1898 tamen
1516 1872 1578 1898 co-

456 1955 580 1994 dicum
594 1954 723 2001 lectio,
749 1966 858 2004 quam
873 1953 983 1991 etiam
1010 1951 1232 1991 Eustathius
1258 1952 1367 1990 refert
1382 1965 1463 2004 pag.
1493 1953 1579 1991 778.

456 2049 508 2086 54
534 2048 639 2097 (689.
669 2047 755 2097 15),
777 2059 854 2084 non
882 2045 1086 2096 spernenda
1121 2049 1187 2084 est.
1274 2047 1419 2090 Στιπτός
1473 2049 1579 2083 notat

454 2153 532 2178 non
559 2138 679 2177 solum
701 2138 758 2186 id,
794 2138 893 2189 quod
920 2138 1075 2191 pedibus
1101 2139 1235 2177 tritum
1271 2140 1344 2186 est,
1372 2138 1435 2177 sed
1461 2139 1572 2177 etiam

453 2229 555 2281 quod
569 2232 669 2268 arcte
683 2243 929 2281 compressum
944 2232 981 2267 et
994 2230 1173 2280 stipatum
1187 2232 1260 2275 est,
1279 2229 1439 2267 testibus
1454 2228 1578 2279 Hesy-

454 2316 540 2357 chio
559 2320 597 2357 et
616 2316 748 2365 Suida3
776 2317 903 2368 itaque
928 2316 1017 2356 folia.
1043 2316 1109 2356 illa
1126 2317 1203 2369 jam
1230 2331 1251 2356 a
1272 2316 1482 2357 Philocteta
1501 2331 1578 2356 non

451 2405 625 2458 pedibus,
649 2404 717 2444 sed
737 2405 901 2456 corporis
914 2404 1074 2457 pondere
1088 2417 1212 2456 pressa
1234 2406 1271 2443 et
1292 2404 1428 2457 stipata
1442 2417 1462 2443 a
1475 2404 1576 2444 Neo-

451 2493 611 2545 ptolemo
626 2493 919 2545 conspiciuntur.
942 2493 1104 2532 Dativus
1118 2495 1257 2540 autem,
1270 2492 1370 2543 quod
1394 2492 1578 2531 Herman-

452 2599 523 2624 nus
545 2586 621 2638 jam
654 2586 800 2634 docuit,
827 2587 962 2639 pendet
984 2587 1030 2627 ab
1062 2586 1245 2638 adjectivo
1270 2587 1412 2627 στιπτή.
