1759 3182
855 274 858 277 ¹
927 301 972 335 24

374 408 602 461 ,pollicitum
642 420 737 455 esse,
767 420 812 450 se
836 406 1025 449 hominem
1058 406 1314 447 reducturum*
1336 406 1415 447 sive
1444 417 1509 444 vo-

392 496 527 536 lentem
554 495 633 533 sive
660 495 850 541 coactum,
874 496 986 544 atque
1010 492 1069 533 vel
1093 497 1206 546 ceput
1227 507 1340 535 suum
1365 494 1511 534 abscin-

317 617 319 619 .
391 577 554 622 dendnm
571 580 799 633 permisisse,
820 580 854 619 si
866 580 1048 632 promissa
1060 593 1138 620 non
1155 581 1376 633 perfecisset.
1403 581 1515 620 Hanc

389 668 437 708 ob
462 681 540 708 rem
559 667 691 707 suadet
716 668 782 716 iis,
807 670 852 708 ut
876 668 1065 708 festinent.

442 757 714 810 Agnoscimus,
736 770 848 808 quam
871 756 1071 796 artificiose
1095 758 1134 796 et
1155 755 1337 795 adventus
1350 756 1514 795 naucleri

390 848 428 885 et
471 843 648 885 simulata
685 844 766 896 ejus
801 844 965 884 narratio
996 844 1050 884 ita
1090 844 1299 896 comparata
1334 842 1433 890 sint,
1471 845 1516 882 ut

390 932 601 972 Philocteta
623 932 737 972 fidem
762 933 797 971 ei
819 945 953 985 negare
983 945 1061 970 non
1100 931 1229 983 possit.
1281 930 1417 981 Itaque
1454 942 1517 969 ve-

391 1018 557 1060 hementi
576 1018 838 1073 indignatione
859 1021 1076 1061 commotus
1096 1018 1279 1059 exclamat
1305 1033 1313 1059 z
1343 1018 1433 1059 nMe
1444 1018 1518 1059 mi-

392 1106 535 1144 serum!
592 1106 704 1144 Mene
740 1105 786 1144 ab
821 1104 958 1156 Ulysse
989 1105 1036 1144 ad
1071 1105 1262 1145 revisenda
1292 1105 1515 1146 Graecorum

396 1195 543 1233 acastra
565 1192 770 1233 abductum
793 1194 874 1232 iri?
910 1207 1023 1244 aeque
1040 1193 1082 1233 id
1107 1195 1279 1233 futurum
1307 1193 1435 1240 credo,
1462 1197 1518 1233 at-

396 1293 494 1332 raque
533 1279 580 1320 ab
606 1280 736 1320 inferis
762 1282 820 1319 me
846 1282 932 1333 post
954 1282 1113 1320 mortem
1139 1279 1365 1328 rediturum,
1387 1292 1517 1331 quem-

395 1367 622 1409 na'dmodum
649 1372 791 1422 patrem
818 1369 922 1409 illius
952 1370 1045 1421 (1).''

448 1456 597 1498 Deinde
610 1488 621 1505 ,
656 1459 853 1510 postquam
881 1459 1080 1505 mercator,
1114 1457 1237 1497 fausta
1259 1458 1308 1497 iis
1334 1460 1521 1510 precatuS,

395 1547 443 1585 ad
470 1560 603 1586 navem
631 1559 737 1586 suam
766 1546 954 1593 discessit,
980 1545 1191 1585 Philocteta
1215 1559 1344 1585 rursus
1367 1546 1454 1585 odio
1480 1547 1521 1584 in

395 1633 572 1684 Ulyssem
615 1632 811 1685 indulget:
852 1634 978 1685 potius
1014 1646 1053 1671 se
1090 1633 1325 1673 detestandae
1364 1634 1524 1685 viperae,

358 1768 361 1771 ι
397 1733 491 1771 quae
538 1722 617 1759 tam
657 1718 764 1759 foede
802 1732 841 1759 se
880 1718 1124 1767 vulnerasset,
1169 1719 1524 1772 obtemperaturum,

398 1822 510 1859 quam
552 1807 682 1859 Ulyssi
708 1807 942 1859 obsequatur.
1002 1807 1188 1847 Hortatur
1213 1808 1333 1861 igitur
1357 1808 1525 1861 Neopto-

398 1898 539 1938 lemum
576 1897 623 1936 ad
663 1896 992 1949 proficiscendum,
1023 1899 1068 1935 ut
1102 1895 1216 1948 longo
1255 1896 1369 1936 maris
1403 1899 1529 1936 tractu

401 2108 531 2139 mentio.
551 2107 681 2148 ulysses
704 2111 808 2138 tamen
829 2107 869 2138 ad
884 2106 1023 2139 fraudem
1039 2107 1194 2148 confugit,
1214 2107 1279 2139 imo
1288 2107 1339 2139 vel
1349 2107 1389 2138 ad
1401 2107 1465 2139 vim
1478 2117 1526 2140 re-

401 2175 523 2197 currere
542 2166 653 2204 audet,
678 2174 747 2196 enm
768 2165 807 2195 sb
827 2174 969 2196 causam
987 2165 1068 2196 male
1079 2168 1294 2204 angerem,
1314 2173 1437 2196 necesse
1449 2170 1527 2196 erat.

443 2224 488 2262 (1)
509 2222 660 2253 Fabulam
670 2225 787 2262 spectat
806 2222 915 2263 poeta,
938 2221 1108 2262 Sisyphum
1132 2222 1313 2254 morientem
1334 2223 1425 2254 uxori
1439 2233 1528 2254 man-

403 2282 509 2319 dasse,
534 2286 571 2311 ut
589 2291 623 2312 se
643 2291 683 2313 ne
692 2281 850 2320 sepeliret3
868 2281 901 2312 id
912 2273 1021 2313 deinde
1031 2285 1174 2321 questum
1184 2282 1268 2321 apud
1276 2281 1409 2321 inferos,
1431 2292 1528 2322 quum

403 2340 615 2379 impetrasset,
644 2343 680 2370 ut
705 2339 763 2369 sibi
793 2339 961 2369 vindictam
989 2348 1111 2369 sumere
1133 2339 1255 2376 ficeret,
1282 2340 1316 2370 in
1344 2343 1458 2370 terram
1481 2349 1530 2370 re-

404 2396 517 2434 diisse3
539 2395 650 2426 deinde
670 2395 796 2426 nonnisi
810 2396 843 2425 vi
860 2396 893 2425 in
920 2394 1037 2426 Orcum
1057 2404 1123 2426 esse
1146 2396 1320 2427 reductum.
1341 2396 1408 2428 Cfr.
1423 2395 1527 2428 Schol.

406 2454 445 2484 ad
466 2454 504 2484 h.*
522 2454 545 2484 1.
573 2453 715 2492 Theogn.
740 2463 773 2483 ν.
797 2455 867 2483 521.
892 2452 952 2483 Ed.
970 2453 1130 2490 Brunck.;
1156 2453 1259 2485 Schol.
1281 2454 1321 2484 ed
1344 2454 1436 2483 Iliad.
1459 2453 1526 2490 VI,

409 2513 484 2548 ¹5³3
513 2511 641 2542 Pherec.
667 2511 705 2541 fr.
730 2514 765 2539 41
792 2511 836 2549 (p.
862 2511 917 2540 178
935 2510 995 2540 Ed.
1017 2510 1062 2540 11.
1090 2509 1219 2549 sturm).
1259 2527 1261 2529 >
