1759 3182
722 416 743 450 3

175 536 291 571 mum,
331 536 437 575 quem
477 522 599 572 docet,
639 521 797 563 insulam
842 520 888 561 ad
923 533 1034 573 quam
1072 516 1295 572 appulerunt

174 626 252 650 esse
276 612 474 658 Lemnum,
498 611 674 650 desertam
687 614 798 661 atque
809 608 1007 655 incultam3
1034 607 1098 646 hic
1112 620 1151 645 se
1162 619 1293 658 regum

170 698 280 750 jussu
320 698 531 750 exposuisse
568 697 753 750 quondam
801 695 1066 742 Philoctetam,
1117 694 1293 734 Poeantis

175 784 310 833 filium,
349 784 580 831 Maliensem,
615 784 698 834 qui,
732 782 914 820 horrendo
942 784 1095 839 accepto
1117 780 1290 827 vulnere,

175 886 220 911 ex
246 886 320 923 quo
341 872 446 911 foeda
472 873 590 910 sanies
603 873 784 917 manaret,
811 883 998 909 sacrorum
1011 869 1195 920 particeps
1213 882 1291 908 esse

175 974 251 1000 non
277 963 415 1013 posset,
441 973 556 1011 quum
579 958 671 999 diris
698 957 919 1002 clamoribus
945 959 1068 997 totum
1090 956 1294 996 exercitum

175 1042 349 1085 turbaret.
376 1047 403 1084 J
404 1060 462 1084 am
483 1046 726 1098 Neoptolemo
752 1045 919 1092 mandat,
945 1048 1006 1091 ut,
1037 1044 1105 1083 ubi
1132 1045 1184 1082 sit
1212 1057 1295 1094 spe-

175 1132 286 1172 lunca
311 1132 377 1172 illa
411 1135 449 1172 et
469 1133 580 1186 juxta
605 1146 683 1172 eam
714 1133 815 1180 fons,
851 1106 1018 1183 inquirat
1057 1144 1100 1169 ac
1136 1130 1207 1170 sibi
1241 1143 1298 1169 re-

175 1220 346 1267 nunciet,
372 1233 463 1258 num
489 1219 589 1259 hunc
615 1220 738 1259 locum
765 1218 1052 1258 adhuc-habitet
1076 1217 1297 1258 Philocteta.

177 1306 419 1359 Neoptolemo
458 1321 534 1357 ¹rem
568 1307 735 1355 mandat,
761 1321 809 1346 ne
844 1308 940 1359 ipse,
980 1307 1013 1346 si
1047 1309 1299 1358 perscrutetur

176 1393 275 1442 loca,
316 1408 337 1433 a
358 1394 567 1434 Philocteta
589 1394 840 1447 conspiciatur
865 1398 903 1433 ct
939 1395 994 1433 ita
1020 1395 1140 1433 omnis
1173 1394 1298 1440 dolus,

178 1493 251 1531 quo
278 1484 360 1519 eum
387 1495 426 1520 se
452 1484 645 1533 capturum
671 1483 807 1533 sperat,
832 1482 963 1520 irritus
990 1481 1066 1520 fiat.

231 1568 367 1607 Statim
390 1568 655 1620 Neoptolemus
678 1572 826 1607 antrum
852 1582 892 1607 se
905 1568 1115 1620 conspicere
1137 1568 1206 1616 ait,
1234 1567 1299 1606 ad-

180 1655 309 1707 ditque
338 1668 497 1695 vacuum
535 1670 629 1704 esse,
667 1655 775 1696 foliis
791 1658 966 1705 stratum,
1005 1669 1075 1695 nec
1096 1654 1299 1707 quidquam

181 1743 337 1796 amplius
355 1744 410 1783 ibi
428 1744 589 1783 inveniri
615 1744 691 1782 nisi
704 1743 896 1783 vasculum
916 1743 1004 1782 rudi
1024 1742 1131 1796 ligno
1144 1743 1301 1790 factum,

179 1831 340 1884 igniaria
367 1831 443 1884 (1),
482 1844 624 1883 pannos
661 1830 834 1882 denique,
868 1832 994 1884 gravis
1015 1831 1136 1871 morbi
1158 1831 1301 1871 indicia

180 1905 426 1958 ostendentes.

233 2008 260 2047 J
261 2022 319 2047 am
353 2008 508 2059 Ulysses
535 2010 657 2047 certus
679 2007 776 2047 hanc
801 2007 1031 2047 Philoctetae
1053 2022 1131 2048 esse
1155 2008 1301 2047 habita-

181 2098 338 2145 tionem,
361 2095 646 2149 Neoptolemum
662 2096 770 2148 jubet
783 2095 940 2148 aliquem
953 2096 1182 2149 speculatum
1195 2098 1302 2137 emit-

181 2187 274 2231 tere,
291 2198 339 2223 ne
363 2184 428 2223 ille
450 2183 745 2234 colloquentibus
767 2185 859 2236 ipsis
881 2186 1133 2236 superveniat3
1171 2185 1304 2224 deinde

183 2284 266 2310 eum
287 2269 473 2318 hortatur,
499 2272 544 2309 ut
570 2270 677 2309 fortis
701 2271 751 2309 sit
777 2284 853 2310 non
881 2270 1000 2311 solum
1027 2271 1074 2311 ad
1101 2272 1304 2325 agendum,

184 2359 248 2401 sed
296 2359 407 2398 etiam
451 2358 499 2398 ad
535 2358 760 2398 audiendum
808 2373 902 2411 quae
953 2361 1056 2412 prius
1101 2375 1303 2412 numquam

226 2506 270 2545 (1)
293 2504 409 2535 Graece
430 2485 564 2546 πυρεῑᾴ,
589 2505 623 2534 h.
656 2513 685 2534 e.
719 2504 888 2534 seeundum
911 2504 1021 2535 Herm.
1046 2505 1086 2534 aa
1117 2506 1149 2535 h.
1174 2506 1219 2542 1.‚
1241 2507 1306 2536 sin,-

185 2574 235 2595 ces
251 2564 291 2594 ad
307 2564 412 2602 ignem
431 2562 616 2592 eliciendum
633 2565 664 2592 et
681 2563 800 2592 accensi
819 2563 901 2601 ignis
917 2563 1074 2601 reliquiae,
1096 2568 1131 2609 ut
1139 2565 1304 2602 carbones,

185 2622 297 2653 silices.

1110 2697 1161 2730 1*-
