1759 3182
709 392 749 425 61

174 500 238 540 ille
271 513 316 538 ex
358 500 480 538 animo
519 507 686 538 assensus
726 497 874 537 laudare
912 497 1048 549 incipit
1087 495 1288 547 Neoptole-

174 600 296 633 mum,
336 587 400 637 qui
441 586 729 626 manifestaverit
769 599 808 624 se
846 598 922 623 non
961 583 1121 636 Sisypho
1169 586 1289 635 patre,

174 686 300 713 verum
338 673 486 712 Achille
524 676 669 720 natum,
708 673 775 723 qui
814 675 851 711 et
886 671 975 710 olim
1015 670 1224 710 viventium
1250 672 1288 709 et

174 775 276 800 nunc
307 764 537 800 mortuorum
568 774 666 799 unus
703 760 840 811 optime
874 758 1009 797 audiat.
1051 758 1135 796 Hac
1156 757 1291 796 volun-

175 847 264 886 tatis
303 847 546 886 inclinatione
567 859 657 885 usus
684 845 947 897 Neoptolemus
974 844 1172 896 prudenter
1198 843 1290 882 Phi-

177 935 350 974 loctetam
388 933 640 986 patefaciendo
672 936 789 973 totam
814 946 893 972 rem
918 946 1126 984 permovere
1151 931 1294 979 studet,

178 1025 223 1061 ut
250 1036 317 1061 sua
340 1024 470 1073 sponte
496 1020 542 1059 ad
570 1020 717 1072 Trojam
742 1022 956 1059 revertatur.
1009 1019 1143 1070 Itaque
1156 1020 1294 1072 gratias

181 1110 215 1147 ei
252 1109 331 1159 agit
365 1121 431 1158 pro
466 1107 639 1146 laudibus
675 1108 773 1158 patri
799 1107 943 1157 sibique
959 1107 1176 1157 impertitis3
1204 1119 1297 1155 quae

180 1197 301 1234 autem
338 1194 382 1233 ab
418 1207 459 1233 eo
496 1194 640 1245 cupiat,
674 1192 763 1232 haec
798 1206 875 1232 esse
895 1192 910 1231 ἐ
937 1192 1155 1232 mortalibus
1199 1192 1296 1231 cala-

180 1281 327 1319 mitates
361 1280 544 1319 divinitus
566 1279 752 1318 immissas
773 1280 977 1318 necessario
1003 1279 1168 1318 ferendas
1204 1259 1298 1326 esse}

180 1368 245 1418 qui
284 1380 387 1414 vero,
432 1368 530 1406 sicut
569 1380 670 1405 nunc
697 1366 776 1413 ille,
811 1367 853 1405 in
881 1366 1131 1406 voluntarium
1157 1366 1300 1405 incide-

181 1454 259 1492 rint
296 1453 489 1500 damnum,
528 1453 588 1491 his
610 1466 727 1504 neque
749 1454 1017 1505 ignoscendum
1045 1468 1164 1505 neque
1189 1455 1299 1493 mise-

182 1538 379 1579 ricordiam
410 1538 664 1590 praestandam
687 1552 773 1578 esse.
812 1538 1078 1587 Philoctetam,
1099 1542 1155 1579 ira
1175 1542 1300 1579 effera-

185 1629 284 1673 tum,
324 1639 442 1676 neque
474 1626 628 1664 consilia
664 1627 826 1677 accipere
859 1630 898 1665 et
934 1628 966 1666 si
1005 1629 1091 1678 quis
1126 1629 1301 1668 benevole

185 1715 349 1760 moneat,
385 1711 487 1751 hunc
527 1715 570 1752 nt
609 1713 802 1752 inimicum
842 1717 880 1753 et
919 1714 1142 1756 malevolum
1170 1716 1300 1756 odisse.

187 1799 234 1838 Se
259 1802 399 1847 tamen,
425 1800 598 1839 invocato
617 1799 712 1839 Jove
733 1800 979 1851 jurisjurandi
1004 1802 1173 1849 vindice,
1200 1816 1301 1855 aper-

185 1890 223 1925 te
244 1886 469 1926 locuturum.
522 1887 704 1926 Laborare
729 1887 973 1926 Philoctetam
1000 1889 1067 1927 illo
1093 1890 1221 1929 morbo
1257 1905 1303 1930 ex

187 1974 380 2014 voluntate
425 1974 594 2022 deorum,
642 1974 729 2025 quia
767 1974 952 2025 quondam
993 1976 1144 2027 propius
1180 1990 1302 2017 acces-

185 2062 292 2101 sisset
327 2062 374 2101 ad
407 2065 629 2113 serpentem,
668 2063 735 2113 qui
762 2062 920 2113 Chryses
953 2064 1148 2116 Nymphae
1173 2065 1300 2105 cellam

188 2148 438 2197 custodiebat3
462 2148 533 2188 hoc
552 2151 674 2188 autem
692 2147 804 2200 probe
830 2149 1020 2190 sciendum
1036 2152 1072 2190 ei
1088 2165 1181 2199 esse,
1202 2166 1301 2192 nun-

189 2249 302 2285 quam
337 2237 414 2274 fore
449 2238 494 2274 ut
527 2237 637 2275 finem
667 2236 788 2275 morbi
810 2237 993 2284 inveniat,
1032 2239 1107 2276 nisi
1130 2239 1208 2289 ipse
1233 2254 1302 2278 sua

189 2325 320 2375 sponte
354 2322 401 2362 ad
426 2322 575 2375 Trojam
601 2322 788 2375 profectus
815 2321 859 2362 ab
898 2323 1111 2377 Aesculapii
1137 2324 1226 2365 filiis
1262 2326 1303 2366 in

190 2412 412 2450 Graecorum
439 2413 604 2451 exercitu
631 2414 797 2459 curetur,
832 2415 943 2463 atque
966 2413 1126 2453 telorum
1152 2428 1303 2454 suorum

190 2514 258 2553 ope
283 2513 408 2539 secum
435 2502 554 2539 vastet
580 2500 707 2540 Ilium.

243 2587 304 2627 Ne
338 2589 461 2627 autem
495 2588 535 2626 in
559 2587 685 2627 animo
710 2586 939 2627 Philoctetae
965 2587 1210 2629 dubitationis
1238 2590 1307 2629 ali-
