1759 3182
994 383 1039 419 ⁷4

452 504 582 544 parans
605 490 716 543 Soph.
743 492 847 543 Ajac.
872 493 921 531 10
951 506 958 531 :
986 494 1081 548 κάρα
1091 494 1232 540 στάζων
1249 490 1387 549 ἱδρῶτι.
1401 495 1439 532 et
1451 490 1580 543 Eurip.

452 585 579 635 Suppl.
607 587 683 623 586
714 599 722 622 z
750 583 893 638 φάλαρα
922 604 983 612 —
1010 587 1124 638 στόμα
1161 583 1263 639 ἀφρῷ
1296 570 1576 631 καταστάζοντα.

452 671 631 712 Similiter
653 672 728 712 fere
752 671 985 722 Ellendtius,
1011 673 1102 714 Lex.
1132 672 1304 726 Sophocl.
1332 688 1359 713 s.
1380 688 1438 714 v.:
1464 673 1578 713 nPer-

450 764 596 811 facile,''
619 765 760 814 inquit,
791 767 1049 811 ιικαταστάζειν
1078 762 1174 804 πόδα
1206 766 1294 818 νόσῳ
1332 765 1409 804 dici
1434 766 1579 817 potuit,

453 871 537 896 cum
572 857 768 910 hypallage
802 871 869 910 pro
905 859 1016 897 νοσεῖν
1057 862 1140 903 ὥςτε
1181 858 1241 897 τὸν
1282 856 1377 898 πόδα
1407 856 1579 911 διάβορον

453 951 631 1002 (exesum)
670 952 929 1005 καταστάξειν,
958 951 1038 992 scil.
1053 951 1143 1005 ,πύῳ
1174 948 1233 989 καὶ
1264 944 1426 1004 αἵματι.”
1474 948 1579 988 citat

451 1037 563 1090 Soph.
585 1037 697 1077 Laoc.
723 1038 852 1092 fragm.
881 1041 970 1078 342.
1000 1038 1190 1091 (Dindorf.
1212 1063 1255 1079 =
1278 1038 1355 1076 138
1379 1033 1577 1088 Ahrens.):

449 1131 584 1185 πατέρα
614 1151 675 1158 —--
704 1131 811 1170 νώτου
842 1111 1118 1177 καταστάζοντσῖ
1141 1128 1305 1181 βύσσινον
1334 1131 1455 1183 φάρος.

501 1218 597 1256 Loci
623 1220 746 1256 tamen
787 1216 891 1256 allati
930 1228 1019 1256 non·
1044 1216 1169 1257 valent
1203 1215 1249 1255 ad
1274 1214 1505 1268 probandum
1532 1214 1573 1254 id

449 1310 551 1361 quod
574 1310 717 1349 volunt.
771 1311 820 1349 In
848 1311 974 1362 Ajacis
998 1323 1107 1350 versu
1133 1312 1231 1349 certe
1252 1309 1404 1360 verbum
1432 1310 1576 1355 στάζειν

450 1398 690 1438 intransitive
734 1398 898 1450 positum
933 1399 1006 1445 est,
1046 1396 1175 1437 addito
1212 1398 1423 1437 accusativo
1460 1398 1576 1450 partis

451 1494 563 1545 κείρας
595 1494 632 1530 et
660 1491 777 1530 simili
804 1491 913 1543 plane
939 1491 1049 1529 modo
1076 1477 1140 1529 hic
1167 1492 1399 1530 construitur
1424 1504 1575 1542 compo-

450 1585 565 1623 situm
605 1585 849 1630 καταστάξειν.
917 1584 1101 1623 Universe
1136 1584 1289 1623 verbum
1328 1585 1471 1630 στάζειν
1512 1583 1577 1621 ad-

446 1672 621 1722 junctum
648 1673 797 1709 tantum
839 1670 949 1710 habet
990 1671 1241 1710 accusativum
1283 1670 1415 1709 similis
1457 1671 1574 1723 signi-

451 1759 638 1797 ficationis
690 1759 768 1796 sive
808 1758 886 1808 ejus
926 1758 998 1804 rei,
1039 1772 1131 1808 quae
1183 1759 1385 1805 stillando,
1420 1759 1574 1810 fluendo

451 1852 644 1890 emittitur.
697 1850 761 1888 Sic
790 1850 930 1889 dicitur
970 1864 1026 1890 ex.
1053 1864 1107 1903 gr.
1130 1853 1251 1897 στάζω
1281 1849 1397 1905 αἷμα,
1431 1849 1573 1906 δάκρυ,

451 1941 683 1991 sanquinem,
725 1940 898 1977 lacrimas
913 1969 923 1986 ‚
963 1940 1113 1977 stillare
1166 1939 1226 1978 vel
1273 1941 1397 1990 fluere
1429 1941 1573 1990 facim

451 2047 496 2072 ex
536 2046 590 2085 gr.
641 2031 753 2071 Hom.
794 2031 903 2070 Iliad.
948 2032 1060 2071 XIX.
1101 2034 1151 2071 38
1181 2046 1188 2070 :
1230 2031 1426 2087 Πατρόκλῳ
1456 2028 1572 2074 δἀὗτ’

451 2124 650 2179 ἀμβροσίην
691 2123 750 2162 καιι
797 2124 920 2177 νέκταρ
970 2123 1118 2178 ἐρυθρὸν
1160 2122 1269 2170 στάξε
1315 2126 1408 2164 κατὰ
1455 2125 1573 2179 ῥινῶν.

450 2219 582 2259 Aesch.
610 2217 773 2270 Choeph.
803 2220 931 2257 1054:
960 2214 1032 2263 κάξ
1062 2187 1242 2270 ὀμμάτωνΚ
1259 2221 1447 2265 στάζουσιν
1468 2217 1574 2273 αἷμα.

449 2311 561 2352 Pind.
594 2312 708 2352 Nem.-
729 2310 778 2351 X.
803 2312 853 2349 82
874 2324 881 2348 τ
909 2306 989 2350 τόδε
1019 2309 1160 2366 σπέρμα
1188 2281 1319 2351 θνατὸν
1358 2310 1466 2368 μάτρὶ
1512 2318 1574 2365 τεᾷ

450 2403 590 2452 στάξεν.
656 2406 904 2451 Καταστάζειν
931 2404 1040 2443 etiam
1068 2404 1227 2444 subinde
1249 2406 1501 2445 accusativum
1515 2405 1575 2445 vel
1639 2437 1643 2440 .

450 2494 659 2547 genitivum
698 2492 917 2544 adjunctum
958 2491 1085 2539 habet,
1125 2493 1190 2543 qui
1231 2507 1450 2545 suspensus
1470 2497 1526 2533 est
1553 2508 1574 2533 a

451 2586 736 2636 praepositione,
772 2587 816 2623 ut
853 2598 886 2623 v.
917 2585 1016 2622 806:
1046 2581 1153 2637 ἱδρὼς
1183 2604 1243 2613 ——
1275 2590 1348 2625 πᾶν
1387 2588 1572 2626 καταστά-
