1759 3182
655 360 697 398 '15

111 471 164 516 ζει
213 466 350 522 δέμας;
402 470 490 511 Eur.
527 472 730 514 Herc-fur.
761 475 839 514 634
866 488 884 512 :v
900 471 1010 528 ἀφρὸν
1038 469 1224 519 κατέσταζ’

111 561 271 614 εὐτρίχου
313 562 501 616 γενειάδος.
563 566 690 618 Suppl.
707 597 710 600 <
727 569 802 606 587
832 583 841 605 t
867 563 911 605 ἵν’
960 567 1107 619 αἱματος
1147 565 1225 619 ῥοαὶ

110 656 218 708 τάφου
247 660 524 705 καταστάζωσιν.
585 660 634 699 Ιιι
659 660 704 700 fr.
727 662 805 701 342
831 660 943 701 modo
965 662 1081 701 citato
1095 674 1104 700 t
1118 660 1224 700 νώτου

109 751 372 795 καταστάζοντα
388 748 551 801 βύσσινον
565 753 686 806 φάρος,
696 753 803 805 genit
812 754 920 792 νώτου
934 753 1069 805 pendet
1082 766 1103 791 a
1115 753 1223 803 κατὰ,

108 845 339 884 accusativus
366 848 488 884 autem
514 847 621 898 φάρος
647 860 845 897 suspensus
870 859 891 884 a
912 860 947 885 v.
969 848 1124 895 στάζειν,
1152 845 1223 883 hoc

108 943 239 969 sensu:
261 931 427 982 palbium
447 932 569 984 fluere
583 932 699 983 facio
712 932 758 970 de
771 936 880 982 terqo.
933 931 1007 970 Sed
1025 931 1223 970 transitivo

106 1018 324 1069 significatu
350 1031 433 1057 cum
461 1019 671 1059 accusativo
698 1018 854 1070 objecti,
880 1021 925 1058 ut
950 1017 1022 1057 hoc
1047 1017 1130 1056 loeo
1157 1031 1224 1069 po-

104 1104 219 1142 situm
242 1105 356 1152 foret,
391 1108 607 1156 usurpatum
633 1119 710 1144 non
737 1106 894 1145 videtur.
948 1106 1082 1155 Itaque
1114 1104 1223 1143 scho-

103 1187 233 1229 liastae
258 1191 595 1243 interpretationem
621 1191 889 1244 praeferendam
910 1191 1086 1238 arbitror,
1112 1204 1222 1242 quam

105 1278 216 1317 etiam
257 1278 491 1317 Hermannus
546 1279 717 1330 probasse
756 1277 919 1323 videtur,
974 1280 1039 1329 qui
1080 1279 1222 1317 confert

103 1375 249 1412 tantum
275 1372 378 1424 Ajac.
405 1386 439 1412 v.
470 1374 518 1411 lo
548 1386 555 1411 ε
583 1373 678 1426 κάρα
708 1373 847 1419 στάζων
880 1368 1018 1427 ἱδρῶτι.

153 1459 341 1497 Praeterea
381 1438 746 1497 animadvertentium
772 1458 1016 1497 Scholiastam
1047 1459 1219 1509 junxisse

102 1553 220 1592 videri
246 1553 497 1592 accusativum
524 1549 618 1591 πόδα
632 1565 716 1590 eum
728 1549 888 1606 διαβόρῳ
900 1567 913 1603 3
941 1551 1101 1603 explicat
1119 1552 1218 1590 enim

101 1652 142 1700 τῇ
174 1645 230 1686 τὸν
260 1643 355 1685 πόδα
383 1644 571 1698 ἐσθιούσῃ,
603 1649 755 1696 σηπτικῇ
769 1674 783 1696 ‚
813 1649 856 1698 τῇ
885 1618 1217 1699 διαβιβρωσκούσῃ,

101 1748 193 1786 quae
217 1733 431 1785 explicatio,
458 1745 681 1783 quamquam
709 1731 894 1771 similibus
920 1734 1109 1783 poetarum
1137 1732 1217 1770 dic-

97 1821 264 1860 tionibus
300 1818 566 1871 quodammodo
598 1818 825 1884 comprobari
863 1819 1002 1869 possit,
1044 1818 1218 1869 (subinde

97 1911 216 1956 enim,
240 1909 311 1947 etsi
335 1921 433 1954 raro,
455 1907 636 1958 adjectiva
657 1905 816 1971 verbalia
838 1908 1107 1945 construuntur
1130 1919 1215 1945 cum

99 2017 186 2042 casu
223 2001 341 2049 verbi,
376 2015 431 2040 ex.
458 2013 512 2053 gr.
579 1998 689 2051 Soph.
731 1999 821 2038 Ant.
863 2000 937 2039 787
955 2013 963 2037 z
991 1999 1056 2037 καί
1079 1995 1113 2038 σ’
1142 1996 1211 2039 οὔτ’

95 2097 288 2157 ἀθανάτων
316 2110 340 2149 φ
355 2093 404 2141 ύξ
414 2110 425 2132 ι
438 2109 520 2147 μος
540 2091 664 2137 οὐδεὶς.
719 2093 808 2132 Eur.
835 2092 918 2145 Iph.
933 2094 979 2132 A.
996 2095 1098 2132 1265
1115 2107 1122 2131 ε
1143 2094 1212 2146 ἐγὼ

95 2191 152 2230 τά
182 2185 393 2242 τόἷκτρὰ
422 2188 614 2231 συνετός
646 2186 716 2240 εἰμι
732 2184 790 2225 καὶ
807 2185 854 2225 τὰ
870 2181 954 2238 μή.)
982 2187 1209 2226 tamensim-

94 2277 262 2332 plicitate
299 2290 385 2330 prae
419 2274 531 2315 altera
566 2272 665 2313 haud
691 2286 777 2313 sane
802 2274 972 2325 praestat.
1026 2274 1209 2313 Animad-

93 2370 310 2427 vertendum
357 2372 522 2415 tantum,
565 2366 782 2419 Sophoclem
822 2379 948 2405 vocem
983 2363 1143 2422 διαβόρῳ
1155 2369 1210 2408 ita

93 2462 308 2510 collocasse,
334 2464 378 2501 ut
411 2460 521 2513 hujus
549 2474 633 2500 cum
659 2459 808 2499 nomine
840 2455 935 2501 πόδα
973 2460 1209 2501 necessitudo

92 2550 259 2590 eluceret.
