1759 3182
991 381 1033 413 66

447 483 523 520 tam
560 480 672 532 hujus
699 472 908 533 tragoediae
933 484 1241 535 compositionem
1269 481 1570 536 descriptionem

442 579 517 616 que
552 567 783 618 vituperans,
806 571 963 621 *poetam
986 568 1082 609 ‘ideo
1108 569 1156 609 ad
1175 570 1311 619 deum,
1327 584 1373 611 ex
1396 570 1568 611 machina

440 666 547 703 quem
574 657 727 701 vocant,
754 655 967 707 confugisse
994 639 1204 703 contendit,
1231 657 1332 707 quod
1347 657 1463 709 >inops
1477 671 1568 696 con-

439 739 516 778 silii
544 740 769 793 intelligeret
794 741 961 792 quidem,
975 738 1119 794 parum
1144 743 1339 794 procedere
1368 745 1564 791 actionem,

436 839 516 870 non,
541 829 665 866 autem
692 827 835 866 videret
857 827 967 867 aliam
984 829 1101 875 viam,
1120 842 1194 879 qua
1221 829 1344 868 drama
1372 833 1456 881 apte
1479 831 1566 869 fini-

436 918 549 953 retur.

488 1001 548 1040 De
574 1001 651 1044 hoc,
673 1004 794 1040 autem
821 1002 982 1053 primum
1009 1001 1372 1041 animadvertendum
1387 1004 1460 1048 est,
1486 1015 1563 1040 non

435 1089 537 1127 omni
556 1065 716 1139 ⁴quidem
742 1087 825 1126 loco
845 1087 1092 1139 'neque-omni
1119 1072 1283 1140 tempore
1304 1087 1415 1127 talem
1440 1087 1562 1127 divini

432 1177 599 1214 numinis
634 1172 962 1235 interventum-rei
990 1153 1269 1215 convenientem
1294 1189 1391 1222 esse,
1417 1175 1482 1214 sed
1505 1175 1562 1214 ibi

432 1262 578 1303 demum
616 1261 783 1302 adhiberi
823 1257 946 1314 posse,
960 1261 1051 1301 ,ubi
1075 1260 1184 1300 fidem·
1207 1261 1241 1300 ei
1268 1260 1486 1315 adjunctum
1511 1262 1560 1301 iri

432 1350 631 1389 verisimile
653 1351 715 1388 sit.
769 1349 1001 1388 Permultum
1027 1362 1135 1399 porro
1161 1349 1288 1395 refert,
1314 1362 1387 1399 qua
1403 1351 1560 1388 ,ratione

430 1437 470 1476 id
498 1438 564 1477 fiat
574 1467 584 1485 ,
610 1436 719 1488 quale
736 1437 788 1476 sit
807 1435 952 1475 fabulae
965 1437 1239 1487 argumentum,
1253 1437 1290 1474 et
1303 1435 1486 1486 quomodo
1499 1449 1558 1474 res

429 1527 620 1564 tractetur.
647 1524 776 1563 Poesis
787 1553 797 1570 ,
810 1536 902 1574 qnae
915 1535 998 1562 vere
1011 1522 1131 1574 poesis
1145 1502 1302 1561 dicenda
1315 1525 1382 1569 est,
1395 1523 1434 1561 in
1439 1523 1559 1562 credi-

428 1612 540 1651 bilem
563 1612 604 1650 in
628 1582 822 1650 hominum
846 1611 980 1649 animis
1007 1612 1151 1648 exercet
1178 1610 1273 1657 vim,
1301 1610 1389 1660 quia
1414 1611 1557 1649 animos

429 1703 466 1738 et
500 1713 630 1737 sensus
666 1702 790 1738 movet
816 1701 1012 1748 motusque
1042 1697 1173 1749 dirigit
1194 1671 1427 1748 §uocumque
1453 1698 1556 1737 velit.

430 1790 616 1842 Fingendi
640 1793 762 1828 autem
782 1790 859 1837 vis,
896 1803 1006 1841 quam
1032 1790 1224 1844 φαντασίαν
1242 1761 1382 1829 'Graeci
1406 1790 1556 1838 dicunt,

425 1878 603 1917 latissime
625 1880 743 1930 patet,
770 1891 838 1917 nec
862 1880 1009 1917 veretur
1035 1878 1193 1917 subinde
1206 1878 1383 1917 miracula
1395 1879 1556 1930 proferre

424 1966 532 2005 fidem
568 1965 805 2013 excedentia,
832 1978 925 2017 quae
951 1968 1075 2005 tamen
1096 1963 1256 2004 'lectores
1284 1968 1552 2017 spectatoresve

396 2076 398 2079 -
422 2054 574 2092 minime
590 2055 830 2105 aversentur,
856 2052 970 2107 immo
994 2050 1263 2103 amplectantur
1286 2053 1395 2102 atque
1415 2055 1551 2092 ament.

421 2140 586 2179 Deorum
608 2140 842 2179 interventus
869 2138 1000 2190 procul
1022 2138 1136 2178 dubio
1162 2138 1315 2191 pulcher
1338 2142 1394 2179 est
1416 2143 1453 2179 et
1465 2140 1548 2180 ido·
1604 2143 1606 2145 ’

418 2240 527 2274 neus,
555 2227 587 2265 si
620 2226 744 2265 locum
784 2224 901 2265 habet·
930 2226 971 2264 in
1010 2239 1053 2265 eo
1086 2226 1187 2277 quod
1212 2226 1355 2266 homini
1378 2230 1548 2267 sanctum

418 2318 490 2362 est,
516 2315 664 2366 quodve
691 2314 826 2353 melius
855 2313 1003 2354 divinae
1029 2314 1243 2355 auctoritati
1277 2327 1387 2365 quam
1409 2314 1483 2355 levi
1507 2319 1549 2355 et

417 2404 648 2443 inconstanti
686 2402 899 2442 mortalium
940 2401 1087 2454 judicio
1134 2402 1403 2442 decernendum
1446 2417 1546 2442 com-

416 2492 598 2531 mittatur.
653 2491 852 2530 Divinitus
875 2491 1040 2529 immisso
1067 2490 1241 2530 mandato
1264 2485 1374 2530 homo
1387 2491 1546 2530 libenter

417 2579 648 2630 obsequitur,
690 2583 743 2625 et,
780 2578 959 2630 quamdiu
997 2579 1126 2633 vigent
1163 2579 1331 2620 deorumv
1354 2580 1472 2631 pietas
1499 2592 1540 2619 ac
