1759 3182
753 352 798 390 8⁹

216 459 267 499 sit
300 454 471 496 consulat
504 471 512 496 :
538 459 699 511 quaerit,
736 459 922 512 quomodo
956 459 1030 501 sibi
1068 472 1163 511 quae
1200 460 1343 499 restent

216 542 380 602 curanda
403 545 498 592 sint;
526 546 634 597 cujus
657 547 712 586 rei
741 560 874 588 caussa
895 549 1139 595 remorentur}
1162 549 1343 599 opportu-
1415 596 1418 599 Ι

212 632 333 671 nitate
352 633 452 674 enim
478 632 644 675 celeriter
669 634 854 676 utendum
887 648 982 682 esse,
1017 635 1050 673 si
1086 634 1167 675 voti
1190 646 1341 686 compos

214 717 295 759 fleri
319 718 406 769 quis
433 718 549 760 velit.-

265 805 326 847 Ex
347 805 406 846 his
433 810 600 859 apparet,
627 806 782 848 chorum
798 806 940 848 hortati
957 806 1259 858 Neoptolemum,
1280 809 1343 854 ut,

212 892 343 935 relicto
364 892 591 942 Philocteta,
618 893 723 934 abeat
737 906 940 945 arcumque
953 896 1125 947 asportet.
1153 892 1344 934 Videntur

212 980 332 1032 igitur
349 983 484 1019 nautae
504 981 608 1019 brevi
628 980 737 1019 obliti
756 993 835 1019 esse
855 993 994 1027 eorum,
1019 993 1115 1031 quae
1135 979 1246 1018 modo
1259 979 1341 1030 pol-

210 1066 309 1106 liciti
322 1070 444 1115 erant,
461 1080 578 1118 quum
591 1066 877 1119 Neoptolemum
902 1069 1066 1115 orantes,
1093 1069 1139 1105 ut
1151 1065 1341 1105 Philocte-

210 1155 287 1192 tam
310 1166 436 1192 secum
458 1152 671 1201 abduceret,
698 1157 1008 1201 asseveraverant,
1026 1167 1220 1205 nunquam
1243 1154 1341 1202 fore,

212 1243 259 1279 ut
276 1242 425 1292 propter
437 1239 585 1279 foedum
598 1239 765 1280 vulneris
777 1241 953 1281 foetorem
966 1242 1057 1281 facti
1071 1255 1111 1280 se
1124 1242 1341 1293 poeniteret.

683 1382 870 1439 Μεσῳὸός.

262 1504 326 1544 Ad
363 1504 453 1544 haec
490 1505 756 1556 Neoptolemus
783 1505 1004 1546 hexametris
1044 1505 1241 1557 dactylicis
1281 1519 1339 1547 re-

210 1590 368 1644 spondet
393 1590 500 1641 talia,
526 1604 620 1643 quae
640 1592 815 1645 juvenem
836 1591 1055 1645 prudentem
1070 1605 1113 1632 ac
1127 1592 1259 1633 fortem
1273 1592 1338 1632 de-

211 1682 307 1719 cent.
360 1680 479 1718 Facili
519 1680 650 1730 utique
688 1681 839 1732 negotio
875 1693 914 1719 se
940 1693 1043 1719 nunc
1066 1680 1206 1719 auferre
1231 1694 1338 1732 posse

209 1767 380 1819 sagittas3
408 1765 554 1805 nullum
575 1767 713 1819 quippe
726 1743 804 1806 esse
816 1765 1083 1814 Philoctetam3
1099 1778 1226 1806 verum
1241 1767 1337 1806 scire

209 1869 264 1904 se,
290 1855 427 1894 frustra
454 1867 542 1894 arcu
567 1868 606 1894 se
631 1855 771 1907 potitos
793 1854 890 1902 fore,
918 1855 951 1893 si
978 1855 1059 1894 sine
1082 1854 1235 1894 domino
1248 1868 1333 1894 eum

209 1946 398 1995 asportent
424 1957 432 1981 :
455 1943 612 1995 jussisse
646 1944 745 1981 enim
783 1943 906 1982 Deum
938 1942 1061 1993 ipsum
1083 1941 1334 1982 Philoctetam

208 2031 360 2080 abduci;
402 2030 523 2079 addit,
559 2030 710 2084 gloriari
746 2044 786 2069 re
819 2030 1032 2082 imperfecta
1057 2032 1113 2078 et,
1148 2033 1332 2081 quatenus

206 2120 336 2158 effecta
361 2120 430 2167 sit,
454 2119 657 2159 mendaciis
683 2122 804 2171 parta,
830 2118 1047 2172 probrosum
1073 2132 1161 2157 esse.

445 2259 691 2322 Ἀντιστροφή.
750 2258 979 2317 (Ἡμιχόριον
1008 2257 1079 2315 β’.)

259 2368 519 2410 Nihilominus
542 2368 677 2408 chorus
702 2381 779 2408 non
804 2368 951 2410 desistit
965 2369 1203 2421 aproposito,
1230 2369 1329 2412 illud

206 2456 355 2509 quidem
391 2455 464 2497 diis
504 2468 613 2495 curae
642 2456 720 2495 fore
751 2455 889 2495 dicens.
944 2455 1098 2498 Veritus
1116 2459 1256 2503 autem,
1284 2471 1331 2500 ne

204 2544 429 2583 Philoctetes
456 2542 583 2581 audiat
607 2556 646 2581 se
665 2542 873 2593 loquentes,
899 2546 1025 2584 monet
1044 2544 1330 2596 Neoptolemum
