1759 3182
969 370 1012 402 22

436 486 604 524 quaerere
631 473 742 520 dicit3
771 473 1006 524 navigantem
1034 473 1131 510 enim
1159 472 1205 510 ab
1231 472 1306 510 Ilio
1332 472 1374 509 in
1397 469 1550 522 patriam

432 558 690 610 Peparethum,
729 571 844 609 quum
872 558 917 596 ad
944 556 1127 596 Lemnum
1154 557 1355 609 appulisset
1381 543 1507 610 ihique
1533 569 1554 594 a

430 646 555 685 nautis
578 644 758 685 audiisset
780 645 933 684 comites
954 657 1032 684 esse
1057 644 1309 696 Neoptolemi,
1336 645 1458 685 visum
1478 656 1555 684 esse

430 734 502 772 sibi
522 747 598 772 non
626 737 712 772 ante
739 733 940 779 discedere,
966 746 1075 793 quam
1098 745 1183 771 cum
1210 745 1254 770 eo
1281 733 1554 771 communicas-

433 825 505 868 set,
532 834 626 871 quae
654 820 699 859 de
725 834 768 859 eo
794 834 912 872 nuper
941 820 1072 859 Graeci
1098 820 1261 858 inierant
1284 818 1457 865 consilia,
1488 831 1556 858 nec

431 903 590 939 consilia
614 905 780 946 tantum,
808 902 871 939 sed
889 903 1000 938 etiam
1027 903 1191 952 incepta,
1217 901 1287 937 etsi
1320 881 1490 936 nondum
1500 901 1554 936 ef-

428 993 567 1028 fectum
595 995 770 1028 assecuta.

483 1074 672 1117 Promisso
698 1074 732 1117 ei
754 1074 934 1129 praemio,
959 1077 1096 1135 narrat,
1128 1073 1349 1118 Phoenicem
1369 1077 1406 1117 et
1424 1073 1556 1117 Thesei

430 1156 527 1184 filios
544 1156 600 1197 (1)
631 1156 815 1197 profectos
828 1165 906 1185 esse
919 1164 1004 1185 cum
1016 1155 1193 1195 navibus,
1215 1157 1259 1186 ut
1272 1154 1555 1202 Neoptolemum

431 1260 709 1296 persequantur.
743 1259 1000 1297 Interrogatus
1024 1261 1162 1292 autem,
1190 1258 1323 1295 quidni
1343 1258 1496 1295 Ulyssoe
1511 1257 1557 1285 ad

430 1326 472 1370 id
491 1329 659 1385 paratum
687 1343 725 1371 se
751 1328 990 1381 ostendisset,
1018 1328 1230 1387 respondet,
1258 1328 1360 1373 hunc
1382 1343 1557 1373 unacum

432 1428 613 1465 Diomede
640 1429 688 1464 ad
715 1429 828 1464 alium
855 1430 1039 1475 quendam
1053 1430 1301 1475 quaerendum
1314 1431 1385 1465 iter
1398 1443 1570 1476 parasse,-

430 1524 547 1568 quum
569 1510 650 1569 ipse
671 1511 749 1569 jam
771 1509 853 1553 vela
868 1511 989 1554 ventis
1005 1510 1117 1554 daret.
1146 1510 1391 1573 Neoptolemo
1405 1524 1558 1570 percon·

431 1604 542 1648 tanti,
556 1605 640 1651 quis
655 1604 718 1640 ille
728 1604 795 1647 sit,
809 1606 1005 1648 mercator,
1019 1604 1200 1641 simulans
1211 1618 1250 1641 se
1259 1617 1379 1641 coram
1390 1605 1559 1653 pluribus

431 1689 472 1731 id
491 1688 616 1744 eloqui
639 1704 716 1731 non
731 1688 880 1740 audere,
905 1690 1018 1744 petit,
1040 1693 1084 1732 ut
1098 1690 1364 1745 Neoptolemus
1379 1691 1560 1733 submissa

432 1791 523 1817 voce
545 1778 618 1817 sibi
638 1778 796 1825 indicet,
823 1778 908 1829 quis
922 1778 973 1816 sit
986 1779 1052 1829 qui
1067 1791 1151 1816 cum
1166 1791 1209 1817 eo
1222 1781 1288 1817 est.
1316 1778 1395 1818 Ubi
1408 1778 1560 1819 Philoc-

432 1871 545 1906 tetam
573 1881 650 1906 esse
674 1867 869 1918 cognovit,
891 1866 936 1905 ad
963 1866 1218 1905 maturanda-m
1247 1867 1372 1918 fugam
1392 1867 1562 1905 hortatur

434 1953 730 2007 Neoptolemum.
758 1951 785 1991 J
786 1965 844 1992 am
859 1951 1087 2001 Philocteta,
1109 1953 1175 2005 qui
1190 1951 1323 1993 ultima
1337 1952 1446 1994 verba
1456 1953 1561 1994 audi-

435 2044 533 2081 visse
553 2041 742 2093 putandus
765 2044 832 2087 est,
856 2042 1083 2092 suspicatur,
1096 2044 1141 2079 ut
1154 2042 1226 2080 fert
1238 2043 1291 2080 rei
1305 2045 1456 2088 natura,
1469 2056 1562 2081 nau-

477 2225 521 2264 (1)
549 2223 652 2255 Schol.
674 2215 822 2264 ”Ακαμας
845 2217 899 2251 καὶ
925 2220 1098 2263 Δημοφῶν,
1125 2214 1167 2249 ὦν
1194 2216 1230 2250 οὐ
1249 2211 1445 2262 Ὀμέμνηται
1469 2230 1565 2263 μηρος

435 2290 465 2323 ἐν
489 2293 534 2333 τῷ
558 2285 741 2330 καταλόγῳ.
769 2286 937 2325 Utriusque
957 2285 1074 2316 mentio
1101 2285 1136 2315 fit
1165 2294 1184 2314 a
1218 2284 1391 2323 Tryphiod.
1419 2295 1451 2315 v.
1485 2287 1560 2323 1763

436 2351 479 2388 Q.
511 2349 618 2380 calab.
649 2348 750 2384 XIII,
783 2350 860 2384 535;
889 2345 1072 2375 Acamantis
1096 2354 1117 2374 a
1145 2344 1237 2382 Virg.
1265 2343 1349 2375 Aen.
1370 2344 1424 2381 H,
1451 2347 1510 2374 268
1535 2348 1566 2374 et

438 2408 479 2446 Q.
502 2406 611 2446 Calaq.
637 2405 698 2436 IV.
728 2407 799 2434 431.
829 2403 985 2435 Homerus
1016 2401 1232 2433 Menestheum
1260 2402 1368 2433 ducem
1394 2401 1566 2433 Athenien·

438 2466 520 2497 sium
545 2465 584 2495 ad
609 2463 734 2502 Trojam
769 2462 852 2492 facit.
877 2460 1042 2492 Memorati
1071 2463 1144 2491 sunt
1168 2459 1260 2490 etiam
1285 2460 1323 2490 ab
1349 2458 1481 2491 Arctino
1504 2458 1565 2490 Mi-

437 2530 513 2561 lesio
533 2530 566 2559 in
586 2523 681 2559 Ἰλίου
706 2526 826 2569 πέρσει.
853 2525 902 2555 De
919 2523 1070 2562 Sophocle
1089 2521 1230 2561 Cyclicos
1248 2527 1354 2562 poetas
1375 2525 1479 2552 secuto
1499 2522 1564 2552 vid.

438 2589 574 2621 Lobeek.
596 2588 634 2620 ad
649 2587 741 2627 Ajac.
767 2596 798 2617 v.
827 2588 876 2616 70.
