1759 3182
959 371 1002 403 52

425 475 576 520 situm,
602 474 856 524 praeterquam
883 474 1058 513 adversus
1080 473 1347 522 Philoctetam3
1374 473 1540 511 huicuni

424 573 462 599 se
486 572 588 598 nunc
614 559 715 599 ultro
737 573 936 600 cessurum.

474 645 655 685 Simulate
679 645 768 685 haec
791 647 837 686 ab
862 660 905 686 eo
930 646 1022 694 dici,
1049 659 1166 697 quum
1191 646 1420 686 Philoctetae
1441 658 1543 699 prae-

425 733 543 771 sentia
582 746 659 770 non
699 734 825 772 minus
865 746 978 784 quam
1018 734 1167 785 sagittis
1191 736 1328 785 egeret,
1363 735 1431 773 vix
1452 746 1544 785 opus

366 832 369 835 ’
424 822 480 859 est
515 832 675 859 monere.
728 819 754 859 J
756 820 845 861 ubet
879 834 966 874 ergo
1004 819 1252 860 Philoctetam
1286 819 1447 868 dimitti;
1486 820 1546 873 ip-

426 920 467 945 so
498 906 577 958 jam
619 921 697 949 non
731 922 827 960 opus
861 923 938 948 esse
970 909 1042 948 sibi
1083 922 1184 948 arma
1209 908 1288 960 ejus
1307 906 1546 955 habentibus,

426 1007 542 1044 quum
564 994 706 1032 Teucer
731 995 845 1042 adsit,
872 995 1076 1047 sagittandi
1100 995 1364 1046 peritissimus,
1386 1006 1455 1032 nec
1474 994 1547 1032 mi-

427 1093 498 1118 nus
540 1080 667 1119 dextre
701 1082 780 1132 ipse
816 1094 944 1121 arcum
977 1094 1016 1120 se
1054 1081 1203 1120 tendere
1236 1080 1410 1119 confidat.
1468 1079 1547 1117 'Va-

412 1165 500 1205 *lere
539 1178 626 1218 ergo
654 1167 762 1217 jubet
788 1166 1052 1214 Philoctetam,
1078 1166 1138 1206 his
1170 1167 1324 1214 additis,
1350 1167 1454 1206 illius
1481 1167 1548 1205 do-

425 1266 519 1292 num
541 1254 621 1304 jam
647 1252 722 1293 sibi
749 1254 958 1306 pariturum
986 1268 1063 1293 esse
1088 1254 1263 1307 gloriam,
1289 1268 1363 1305 qua
1388 1254 1446 1293 illi
1472 1254 1547 1293 frui

426 1339 605 1379 licuisset.

480 1425 591 1464 Nihil
619 1426 741 1476 aptius
769 1427 973 1477 excogitari
996 1430 1139 1478 poterat
1153 1427 1199 1464 ad
1213 1427 1443 1466 obstinatum
1457 1426 1548 1465 Phi-

429 1513 586 1552 loctetae
608 1513 775 1552 animum
802 1512 1107 1564 permovendum,
1138 1515 1182 1552 ut
1209 1512 1255 1551 ad
1275 1512 1423 1564 Trojam
1437 1513 1549 1564 profi-

430 1601 521 1639 cisci
544 1614 655 1651 quam
672 1600 868 1652 capiendae
880 1599 984 1638 urbis
998 1599 1154 1652 gloriam
1166 1598 1311 1638 homini
1321 1600 1549 1638 invisissimo

419 1689 643 1743 ‘permittere
668 1688 803 1727 mallet.
857 1688 1029 1727 Incertus
1056 1687 1148 1737 quid
1175 1689 1275 1739 agat,
1314 1687 1549 1740 indignatum

432 1775 594 1826 quaerit,
631 1789 722 1814 num
751 1776 828 1814 suis
854 1774 919 1833 ille
942 1775 1054 1814 armis
1077 1777 1228 1813 ornatus
1252 1774 1403 1813 Graecis
1426 1788 1465 1813 se
1490 1788 1550 1813 os-

430 1867 603 1903 tensurus
644 1864 704 1902 sit.
759 1864 812 1902 At
851 1862 1025 1913 Ulysses,
1067 1863 1216 1901 ina’nem
1243 1862 1438 1901 verborum
1462 1876 1551 1902 con-

431 1955 636 1993 tentionem
659 1953 820 2000 evitans,
847 1952 954 2005 plura
980 1953 1083 2003 loqui
1110 1966 1193 1991 eum
1215 1954 1326 1992 vetat.

484 2040 645 2078 Interim
673 2039 941 2090 Neoptolemus
963 2039 1102 2077 tacitus
1124 2040 1197 2077 toti
1223 2039 1312 2078 huic
1340 2053 1467 2078 scenae
1492 2041 1551 2078 in-

432 2129 562 2174 terest,
589 2126 635 2165 ad
663 2139 772 2177 quem
801 2138 998 2164 conversus
1021 2124 1245 2165 Philoctetes
1258 2126 1419 2165 Achillis
1434 2127 1553 2166 filium

433 2220 530 2265 orat,
557 2219 601 2256 ut
627 2192 674 2256 ne
701 2230 740 2255 se
767 2215 916 2255 deserat.
944 2214 1097 2266 Ulysses
1120 2228 1222 2263 vero,
1250 2229 1380 2255 cavens
1393 2229 1441 2255 ne
1452 2216 1554 2255 Neo-

401 2315 404 2317 *
434 2304 618 2357 ptolemus
659 2304 959 2344 clementiaſssua
990 2303 1108 2356 abripi
1149 2317 1187 2342 se
1221 2304 1402 2356 patiatur,
1437 2305 1554 2343 inter-

433 2393 573 2445 pellans
623 2407 723 2440 eum,
772 2391 1062 2444 Neoptolemum
1105 2393 1213 2444 jubet
1262 2394 1469 2440 abscedere,
1508 2408 1555 2433 ne

435 2494 539 2519 suam
582 2480 771 2519 fortunam
817 2477 955 2530 perdat.
1023 2478 1094 2517 Ille
1142 2480 1281 2519 tacitus
1316 2480 1553 2532 obtemperat.

434 2568 494 2607 Ab
520 2567 592 2607 hoc
618 2579 764 2618 quoque
785 2565 971 2618 repulsus,
1010 2570 1194 2618 postremo
1220 2567 1446 2607 Philoctetes
1466 2581 1555 2607 con-
