1759 3182
710 390 753 423 19

169 472 268 538 beret
301 496 428 547 pretio.
499 496 581 536 Nec
620 501 774 537 eventus
809 497 1021 550 opinionem
1046 496 1126 548 ejus
1149 493 1292 534 fefellit.

141 574 142 578 ¹
169 583 395 623 Philoctetes
434 585 548 632 enim,
585 586 646 624 cui
686 584 775 624 haec
815 585 960 624 occasio
991 583 1123 623 salutis
1164 585 1292 635 peten—

172 671 238 710 dae
264 672 539 723 exoptatissima
565 672 682 712 videri
710 672 883 719 debebat,
909 671 1095 723 supplicat
1122 671 1290 721 Neopto-

169 757 265 797 lemo
302 770 365 809 per
403 761 541 810 patrem
578 771 620 797 ae
659 761 809 797 matrem
851 761 888 796 et
923 757 1183 808 quodcumque
1217 758 1290 808 ipsi

172 838 296 884 carum
332 845 399 893 sit,
435 859 481 885 ne
516 858 555 884 se
585 845 706 884 solum
744 844 804 884 his
844 845 1020 891 miseriis,
1055 857 1148 896 quas
1188 843 1292 883 videt

170 935 208 971 et
244 932 366 989 audit,
406 932 661 971 conflictatum
699 931 857 978 deserat3
897 944 974 969 non
1001 931 1171 982 ignorare
1208 930 1293 979 qui-

172 1020 253 1058 dem
276 1032 330 1066 se,
357 1031 467 1069 quam
488 1031 600 1070 grave
626 1019 677 1056 sit
705 1017 803 1056 illud
830 1031 942 1064 onus,
965 1020 1005 1056 at
1025 1017 1195 1069 generosi
1217 1030 1295 1055 ωδε

170 1107 243 1146 viri
280 1105 382 1158 quod
412 1108 521 1159 turpe
554 1108 611 1146 est
637 1105 775 1153 odisse,
814 1105 915 1157 quod
942 1104 1141 1145 honestum
1168 1105 1294 1156 sequi3

174 1193 289 1232 unius
330 1195 478 1231 tantum
519 1192 593 1231 diei
632 1206 710 1232 esse
756 1192 977 1240 molestiam3
1029 1193 1162 1232 audeat
1197 1192 1294 1231 hanc

176 1281 360 1331 suscipere
399 1279 681 1331 Neoptolemus3
724 1280 900 1331 conjiciat
940 1281 1062 1331 ipsum
1102 1280 1145 1318 in
1188 1280 1294 1318 navis

169 1369 309 1419 partem
347 1357 605 1418 quamcunque
630 1365 742 1415 velit,
769 1366 835 1406 ubi
861 1366 1014 1418 reliquis
1036 1380 1113 1406 non
1139 1367 1293 1406 futurus

108 1452 111 1454 ’
171 1454 222 1492 sit
256 1453 370 1491 oneri.
424 1453 536 1499 Orat,
562 1456 606 1492 ut
635 1466 673 1492 se
696 1452 755 1493 vel
778 1453 928 1492 domum
949 1453 1009 1493 vel
1034 1454 1075 1493 in
1102 1454 1293 1493 Euboeam

171 1540 301 1589 vehat,
336 1540 436 1580 unde
470 1554 547 1579 non
573 1540 729 1593 long-mn
752 1540 799 1579 ad
825 1540 956 1580 Oetam
983 1541 1071 1589 iter;
1098 1541 1228 1580 reddat
1255 1555 1295 1580 se

170 1630 285 1682 patri,
298 1642 407 1681 quem
421 1628 579 1676 dudum,
592 1641 640 1668 ne
651 1631 820 1668 mortuus
834 1629 902 1676 sit,
915 1629 1066 1677 metuit3
1085 1642 1170 1668 nam
1190 1642 1296 1681 saepe

168 1717 245 1768 jam
268 1728 332 1768 per
346 1715 521 1763 advenas,
540 1716 606 1767 qui
621 1715 667 1754 ad
680 1716 862 1755 Lemnum
886 1716 1132 1768 appulissent,
1158 1718 1297 1755 nunci-

174 1792 224 1844 os
238 1804 336 1857 patri
354 1804 514 1851 misisse,
527 1806 571 1842 ut
594 1817 632 1842 se
646 1802 796 1842 domum
811 1802 1017 1851 reduceret,
1032 1803 1096 1843 sed
1113 1807 1180 1844 aut
1197 1818 1295 1843 mor-

173 1896 282 1931 tuum
309 1905 392 1930 eum
428 1905 505 1930 esse
551 1895 616 1930 aut
640 1891 800 1929 nuncios
827 1890 930 1938 illos,
957 1894 1002 1930 ut
1024 1891 1136 1939 solet,
1172 1895 1296 1943 spreto

165 1979 291 2033 ‘ipsius
318 1977 509 2026 mandato,
547 1977 696 2017 domum
721 1991 940 2030 properasse.
981 1979 1098 2017 Nunc
1125 1979 1294 2032 Neopto-

173 2066 269 2106 lemo
289 2066 510 2118 supplicare,
547 2069 591 2106 ut
613 2079 652 2105 se
677 2070 814 2114 servet,
841 2067 901 2106 sui
922 2068 1158 2115 misereatur,
1184 2081 1295 2120 repu-

173 2157 278 2202 tans,
305 2168 418 2206 quam
445 2154 586 2194 incerta
612 2154 663 2194 sit
688 2154 856 2202 fortuna,
874 2159 911 2195 et
938 2168 1048 2206 quam
1069 2154 1296 2207 periculosae

174 2255 230 2281 res
257 2241 490 2290 mortalium,
516 2254 631 2292 quum
652 2241 764 2280 modo
783 2241 956 2281 secundis
983 2242 1093 2282 rebus
1121 2243 1294 2290 floreant,

174 2329 285 2370 modo
311 2329 475 2369 adversis
502 2328 724 2381 affligantur.

614 2470 857 2531 Ἀντιστροφή.

228 2589 277 2627 In
317 2588 429 2627 altera
453 2587 523 2626 hac
551 2587 725 2626 carminis
752 2591 854 2639 parte
890 2587 1047 2628 alterum
1084 2589 1271 2643 ἡμιχόριον
1285 2618 1298 2640 ,

1078 2680 1101 2714 2
1114 2680 1140 2705 -κ
