1759 3182
971 396 991 442 6,

420 500 656 540 remissurum
670 490 843 540 simulato
856 500 1021 539 naucleri
1039 501 1188 548 habitu,
1214 502 1280 552 qui
1293 512 1458 540 sermone
1470 513 1537 539 suo

421 586 654 637 Neoptolemi
677 587 846 625 consiliis
866 588 1055 627 inserviat.
1089 588 1210 634 Hinc,
1232 589 1416 628 invocatis
1438 589 1540 627 Mer-

419 679 521 717 curio
562 676 680 732 Δολίῳ
705 679 763 731 (1)
801 682 839 719 et
861 677 1029 740 Victrice
1049 679 1237 727 Minerva,
1263 679 1418 731 Ulysses
1444 678 1539 725 abit,

418 764 662 818 Neoptolemo
699 764 849 805 difficile
884 779 1023 805 munus
1043 765 1290 819 peragendum
1317 765 1539 818 relinquens.

469 939 632 993 Egregia
655 943 734 979 arte
759 943 863 979 totus
889 940 953 979 hic
974 940 1149 993 prologus
1177 954 1199 979 a
1223 942 1330 993 poeta
1357 939 1539 991 composi-

416 1031 480 1067 tus
519 1029 586 1067 est.
653 1026 834 1080 Exemplo
873 1026 1029 1067 Homeri
1067 1027 1195 1067 statim
1229 1027 1271 1066 in
1305 1026 1444 1066 medias
1483 1038 1540 1064 res

416 1118 639 1168 spectatores
677 1117 792 1168 rapit,
825 1129 911 1164 nec,
933 1116 1241 1168 quemadmodum
1261 1115 1459 1167 Euripides
1481 1126 1541 1152 so-

415 1204 484 1252 let,
524 1204 693 1257 longiore
719 1180 904 1256 prooemio
926 1203 1071 1243 fabulae
1107 1204 1365 1256 argumentum
1403 1201 1541 1242 edocet.

416 1291 659 1330 Inducuntur
691 1294 814 1330 autem
841 1291 916 1330 duo
937 1291 1027 1338 viri,
1072 1290 1178 1330 ambo
1203 1290 1446 1336 nobilissimi,
1478 1287 1542 1327 sed

417 1381 555 1426 aetate,
581 1378 722 1426 indole,
748 1378 913 1418 moribus
935 1378 1043 1430 plane
1070 1377 1284 1426 dissimiles3
1312 1377 1403 1416 alter
1425 1379 1543 1416 aetate

416 1473 601 1519 maturus,
636 1471 818 1523 imprimis
859 1474 980 1511 autem
1006 1469 1193 1525 δολόμητις
1231 1474 1268 1510 et
1303 1470 1515 1526 πολύτροπος
1528 1501 1541 1523 ,

416 1563 500 1614 qui,
527 1566 572 1603 ut
598 1562 739 1604 πολλῶν
769 1564 972 1620 ἀνθρώπων
1003 1562 1078 1604 ἴδεν
1109 1567 1219 1604 ἄστεα
1249 1562 1308 1603 καὶ
1339 1564 1413 1604 νόον
1434 1565 1542 1618 ἔγνω,

416 1652 472 1689 ita
497 1654 640 1690 mature
671 1651 876 1698 intellexit,
907 1665 984 1690 non
1012 1664 1195 1690 armorum
1222 1652 1278 1699 vi,
1311 1651 1375 1690 sed
1396 1651 1543 1703 lingua,

419 1737 521 1786 dolo,
547 1738 677 1777 fraude
699 1737 875 1777 facillime
901 1738 1065 1790 superari
1085 1738 1252 1778 homines
1283 1741 1320 1778 et
1356 1739 1543 1791 proposita

418 1825 514 1864 effici
555 1837 680 1878 posse3
722 1824 814 1864 alter
848 1824 1016 1877 juvenis,
1063 1823 1168 1863 nulla
1195 1824 1283 1863 dum
1319 1824 1544 1876 experientia

419 1913 592 1961 edoctus,
622 1927 799 1966 generosa
825 1913 967 1961 indole,
998 1913 1064 1964 qui
1085 1913 1253 1952 'fraudem
1281 1912 1468 1961 abhorret,
1496 1913 1543 1952 ad

419 2001 496 2041 vim
522 2004 560 2040 et
584 2013 683 2040 arma
705 2003 865 2054 paratus.

470 2088 588 2127 Haud
626 2088 735 2126 facile
770 2102 857 2126 sane
882 2089 1073 2140 negotium
1100 2092 1177 2127 erat
1199 2090 1355 2127 ferocem
1370 2089 1544 2139 juvenem
1587 2120 1589 2122 >

419 2175 465 2215 ad
511 2175 676 2215 fraudem
722 2174 902 2228 pellicere.
970 2175 1146 2215 Vidimus
1181 2178 1322 2223 tamen,
1361 2175 1543 2227 quomodo

417 2265 589 2317 UlysseS,
629 2265 763 2316 partim
803 2263 943 2316 gloriae
983 2264 1118 2315 partim
1163 2263 1394 2302 necessitatis
1426 2264 1545 2315 specie

418 2356 627 2406 praetexta,
654 2353 880 2405 pervicacem
902 2350 1139 2403 Neoptolemi
1163 2351 1326 2390 animum
1349 2352 1490 2392 vicerit.

456 2544 500 2582 (1)
525 2542 689 2579 Callidum,
715 2540 860 2579 quidquid
875 2540 1011 2579 placuit,
1026 2541 1128 2579 jocoso
1150 2541 1368 2579 condereficrto
1378 2547 1541 2571 vocnteum

413 2600 527 2631 Horat.
557 2600 662 2631 Carm-
687 2600 715 2629 Ι.
741 2602 773 2636 1,
799 2601 847 2628 18.
