1759 3182
750 343 768 376 5

201 449 295 488 dolo.
362 449 541 493 Quamvis
577 452 697 488 autem
732 451 889 495 metuat,
929 461 975 486 ne
1014 447 1148 497 negato
1176 443 1318 482 auxilio

198 535 364 588 proditor
401 536 591 584 habeatur,
625 539 747 575 tamen
768 534 877 574 malle
891 548 942 574 se
967 532 1120 573 honeste
1145 533 1315 585 agentem

197 621 363 661 excidere
401 625 506 671 voto,
540 636 650 675 quam
680 635 744 675 per
772 620 929 660 dedecus
955 633 998 659 eo
1023 620 1148 671 potiri.
1202 618 1314 657 Prae-

197 708 293 747 clara
316 709 440 757 verba,
466 710 633 762 generosi
659 709 781 748 herois
807 689 886 746 filio
914 706 1134 758 dignissima
1162 705 1242 757 (1)Ι

247 785 309 836 Ad
321 796 410 836 haec
422 796 576 848 Ulysses
589 810 628 835 se
649 808 797 846 quoque
804 794 978 846 juvenem
991 793 1123 846 lingua
1144 791 1312 839 tardum,

194 886 377 934 promtum
399 896 511 921 manu
529 882 645 920 fuisse
669 882 841 928 affirmat,
866 892 970 918 nunc
996 891 1083 918 vero
1106 892 1178 917 usu
1200 877 1311 917 edoc-

193 971 273 1007 tum
287 981 379 1015 esse,
392 968 530 1014 verbis,
556 981 634 1006 non
659 967 770 1006 factis
795 965 967 1006 mortales
988 967 1081 1019 regi.
1135 965 1314 1005 Ostendit

192 1067 256 1105 per
277 1054 444 1092 vimnon
469 1067 576 1106 posse
599 1055 680 1106 capi
702 1053 948 1093 Philoctetam
971 1053 1019 1093 ob
1038 1053 1194 1106 sagittas
1221 1066 1314 1104 quas

191 1139 323 1179 habeat
348 1141 605 1189 inevitabiles3
632 1140 734 1192 quod
760 1142 793 1179 si
818 1140 965 1180 lucrum
992 1140 1226 1188 ostendatur,
1253 1141 1314 1179 ni-

141 1249 143 1252 ·
191 1225 246 1264 hil
264 1240 342 1266 esse
362 1228 618 1266 recusandum.
670 1228 923 1280 Interroganti
937 1227 1199 1279 Neoptolemo,
1222 1227 1315 1278 quid

189 1312 261 1351 sibi
297 1312 410 1371 lucri,
446 1312 608 1352 abducto
633 1313 679 1351 ad
707 1313 854 1365 Trojam
880 1312 1108 1361 Philocteta,
1143 1314 1313 1353 futurum

189 1399 258 1446 sit,
298 1398 509 1451 respondet,
548 1398 608 1437 his
646 1401 794 1438 tantum
826 1398 936 1437 armis
973 1399 1121 1451 Trojam
1162 1402 1313 1452 captum

189 1485 254 1532 iri,
297 1485 377 1523 sine
421 1484 481 1523 his
519 1485 807 1536 >Neoptolemum
845 1485 944 1524 nihil
978 1486 1239 1537 profecturum.

240 1570 268 1609 J
268 1584 326 1610 am
362 1570 592 1619 adolescens,
623 1571 763 1624 gloriae
785 1571 975 1623 ⁴cupidine
1002 1571 1191 1625 abreptus,
1228 1586 1310 1626 spe-

188 1658 297 1696 ciosis
323 1657 427 1696 illius
450 1658 656 1697 rationibus
669 1674 671 1676 >
684 1657 808 1697 cedere
829 1658 982 1709 incipit3
1008 1671 1096 1697 mox
1115 1630 1182 1698 ubi
1195 1659 1310 1711 Ulys-

187 1759 242 1784 ses
278 1749 315 1784 et
347 1746 547 1797 sapientem
582 1748 619 1784 et
645 1746 777 1784 fortem
799 1759 882 1784 eum
904 1745 1155 1797 praedicatum
1181 1747 1248 1794 iri,
1275 1748 1309 1786 si

182 1845 223 1872 ea
245 1834 439 1871 exsecutus
462 1832 591 1879 fuerit,
618 1831 854 1893 asseveravit,
881 1830 1061 1871 exclamat
1088 1846 1143 1880 se,
1169 1832 1310 1885 pudore

186 1920 369 1972 deposito,
395 1920 581 1958 facturum
607 1932 700 1970 quae
712 1918 866 1969 Ulysses
879 1920 1112 1971 praeceperit.
1140 1919 1308 1971 Ulyssae,

186 2007 266 2046 voti
291 2019 439 2058 compos
461 2006 601 2053 factus,
628 2005 674 2044 ad
700 2018 831 2045 navem
853 2019 892 2045 se
904 2006 1038 2045 reverti
1054 2006 1165 2055 dicit3
1193 2007 1306 2046 siau-
1381 2041 1383 2046 .

184 2097 259 2134 tem
284 2093 432 2147 longior
454 2093 527 2133 sibi
552 2106 630 2132 esse
649 2092 820 2132 videatur
832 2093 886 2132 rei
899 2106 1016 2141 mora,
1043 2093 1307 2146 speculatorem

224 2300 267 2339 (l)
288 2298 505 2331 Consentanea.
542 2299 617 2330 11000
647 2302 721 2330 sunt
747 2297 880 2329 Achiuis
908 2299 1025 2336 verbis,
1058 2305 1137 2338 quae
1170 2300 1307 2340 apposite

182 2358 288 2388 laudnt
306 2357 488 2397 scholiasta5
513 2357 607 2387 niad.
635 2356 680 2387 X.
704 2359 783 2393 312,
805 2365 870 2395 seq.
895 2368 903 2386 ε

277 2463 396 2510 ἐχθρὸς
417 2467 481 2511 γάρ
503 2478 558 2511 μοι
577 2470 676 2503 κεῖνος
699 2464 780 2511 ὀμῶς
802 2460 913 2498 Ἀΐδαο
936 2464 1089 2511 πύλῃσιν,

277 2529 310 2568 ’ὸς
332 2526 468 2576 χ’ἷτερον
495 2529 549 2575 μὲν
575 2532 674 2577 κεύθῃ
701 2530 745 2563 ἑνὶ
771 2529 897 2575 φρεσὶν,
924 2530 1002 2564 ἄλλο
1021 2529 1056 2564 δὲ
1080 2530 1181 2577 βάζῃ.
