1759 3182
737 407 779 442 15

199 506 237 552 et
260 510 413 563 Ulysses
437 525 544 553 saevo
575 513 707 555 morbo,
724 527 745 553 e
766 513 945 566 serpentis
972 525 1098 552 morsu
1125 513 1318 551 contracto

199 599 427 639 laborantem
451 601 494 639 in
520 600 589 640 hac
613 602 739 641 insula
764 602 886 640 solum
912 601 1148 652 reliquerint;
1175 603 1319 647 narrat,

200 688 245 725 ut
272 687 492 739 sagittarum
514 702 582 740 ope
603 703 686 729 aves
709 689 888 735 occiderit
915 691 953 728 et
970 688 1085 727 humi
1107 701 1236 740 repens
1264 688 1319 725 ci-

198 775 288 814 bum
310 777 347 815 et
372 778 502 828 potum
528 776 601 816 sibi
633 777 873 828 quaesiverit3
909 775 1029 815 hieme
1052 777 1173 814 autem
1199 774 1319 813 multo

199 875 285 900 cum
310 862 434 901 labore
458 862 605 915 lignum
633 863 901 913 conquisiverit
926 866 964 900 et
991 861 1158 900 scintilla
1183 876 1203 900 e
1216 861 1322 899 silice

198 963 353 990 excussa
378 951 503 1003 ignem
530 950 603 990 sibi
629 951 822 1002 paraverit.¹
850 949 1020 988 Insulam
1034 952 1157 988 autem
1171 961 1322 1000 prorsus

198 1051 276 1078 esse
309 1036 507 1085 desertam,
540 1040 578 1077 et
613 1038 647 1076 si
681 1038 749 1089 qui
774 1037 880 1076 -forte
911 1050 954 1076 eo
980 1035 1228 1089 appulissent,
1254 1034 1323 1074 hos

199 1123 379 1166 abducere
401 1137 440 1162 se
464 1123 639 1163 noluisse.
692 1124 903 1170 Postremo,
930 1127 975 1162 ut
994 1123 1109 1162 simili
1123 1123 1324 1173 aliquando

199 1223 317 1262 poena
355 1209 510 1250 Atridae
548 1212 586 1250 et
607 1209 763 1262 Ulysses
788 1224 810 1249 a
836 1210 923 1249 Diis
946 1209 1133 1263 Olympiis
1160 1210 1324 1249 affician-

199 1299 280 1344 tur,
307 1299 398 1335 orat.

251 1382 278 1422 J
279 1396 337 1423 am
377 1383 660 1436 Neoptolemus,
701 1384 946 1434 difficiliorem
986 1383 1151 1427 mandat-i
1183 1387 1323 1436 partem

199 1472 460 1518 exsecuturus,
487 1483 526 1509 se
551 1483 698 1523 quoque
716 1470 761 1510 ab
786 1471 934 1509 Atridis
960 1473 999 1509 et
1025 1470 1163 1521 Ulysse
1189 1475 1323 1509 contu-

199 1556 309 1597 melia
344 1559 517 1597 affectum
555 1560 691 1598 narrat.
731 1558 810 1597 Ubi
845 1571 930 1598 vero
965 1557 1150 1597 Achillem
1185 1561 1323 1610 patrem

200 1645 353 1697 periisse
377 1647 570 1693 memorat,
611 1645 821 1698 interpellat
848 1659 932 1685 eum
957 1645 1185 1694 Philocteta,
1217 1647 1325 1698 quasi

201 1731 353 1770 auribus
380 1732 458 1770 suis
482 1731 627 1771 credere
646 1735 825 1783 nequeat3
852 1746 1041 1784 quumque
1059 1733 1327 1785 Neoptolemus

202 1817 244 1857 id
263 1819 492 1865 affirmasset,
521 1817 658 1858 dubius
680 1818 821 1867 haeret,
848 1822 975 1859 utrum
1001 1821 1238 1873 Neoptolemi
1251 1822 1327 1861 fata

202 1918 311 1958 porro
351 1905 609 1944 sciscitaturus
643 1919 691 1943 an
729 1906 833 1957 prius
856 1909 995 1959 patrem
1021 1907 1126 1947 illius
1160 1909 1326 1961 deplora-

202 1996 313 2033 turus
340 1994 401 2033 sit.
454 1993 516 2032 En
543 1994 666 2046 imago
689 1994 803 2033 animi
824 1996 951 2047 magni
974 1999 1011 2034 et
1036 1998 1222 2049 generosi,
1258 1999 1325 2049 qui

203 2095 289 2121 suas
334 2094 525 2121 aerumnas
567 2080 724 2129 oblitus,
777 2082 977 2123 amicorum
1012 2083 1119 2124 malis
1161 2088 1325 2126 oontem-

203 2169 350 2220 plandis
377 2169 639 2221 plorandisque
666 2170 871 2210 detinetur!

256 2255 385 2309 Pergit
413 2255 679 2309 Neoptolemus
706 2255 848 2296 sollerti
870 2257 1013 2297 ratione
1034 2258 1150 2311 jussis
1177 2259 1327 2312 Ulyssis

205 2343 368 2394 obsequi.
394 2344 554 2391 Narrat,
581 2358 626 2393 se,
641 2344 687 2383 ab
713 2344 849 2396 Ulysse
874 2349 912 2384 et
937 2345 1138 2395 Phoenice,
1164 2347 1326 2387 Achillis

205 2430 400 2472 educatore
428 2432 505 2484 (1),
544 2446 590 2471 ex
625 2431 750 2472 insula
775 2432 892 2484 Scyro
930 2433 1079 2486 'frojam
1111 2435 1327 2474 arcessitum

249 2631 294 2670 (1)
315 2629 504 2661 Phoenicem
528 2630 562 2659 in
586 2629 715 2668 Scyrum
744 2630 874 2662 missum
900 2631 940 2660 ad
967 2630 1207 2670 Neoptolemum
1230 2640 1328 2662 arces-
