<?xml version="1.0" encoding="UTF-8"?>
<!DOCTYPE html PUBLIC "-//W3C//DTD XHTML 1.0 Transitional//EN"
    "http://www.w3.org/TR/xhtml1/DTD/xhtml1-transitional.dtd">
<html xmlns="http://www.w3.org/1999/xhtml" xml:lang="en" lang="en">
 <head>
  <title>
</title>
<meta http-equiv="Content-Type" content="text/html;charset=utf-8" />
  <meta name='ocr-system' content='tesseract 3.04.00' />
  <meta name='ocr-capabilities' content='ocr_page ocr_carea ocr_par ocr_line ocrx_word'/>
</head>
<body>
  <div class='ocr_page' id='page_1' title='image "./4771410_0024.png"; bbox 0 0 1759 3182; ppageno 0'>
   <div class='ocr_carea' id='block_1_1' title="bbox 911 353 956 386">
    <p class='ocr_par' dir='ltr' id='par_1_1' title="bbox 911 353 956 386">
     <span class='ocr_line' id='line_1_1' title="bbox 911 353 956 386; baseline 0 0"><span class='ocrx_word' id='word_1_1' title='bbox 911 353 956 386; x_wconf 92' lang='grc'><strong>10</strong></span> 
     </span>
    </p>
   </div>
   <div class='ocr_carea' id='block_1_2' title="bbox 428 458 1219 517">
    <p class='ocr_par' dir='ltr' id='par_1_2' title="bbox 428 458 1219 517">
     <span class='ocr_line' id='line_1_2' title="bbox 428 458 1219 517; baseline 0 -17"><span class='ocrx_word' id='word_1_2' title='bbox 428 461 498 515; x_wconf 76' lang='grc' dir='ltr'><strong>ἐγὼ</strong></span> <span class='ocrx_word' id='word_1_3' title='bbox 526 461 590 515; x_wconf 82' lang='grc' dir='ltr'><strong>μὲν</strong></span> <span class='ocrx_word' id='word_1_4' title='bbox 619 460 718 501; x_wconf 81' lang='grc' dir='ltr'>οὐδὲν</span> <span class='ocrx_word' id='word_1_5' title='bbox 746 458 830 501; x_wconf 81' lang='grc' dir='ltr'>οἵδ’·</span> <span class='ocrx_word' id='word_1_6' title='bbox 864 462 1063 517; x_wconf 82' lang='grc' dir='ltr'>ἑποικτείρω</span> <span class='ocrx_word' id='word_1_7' title='bbox 1094 459 1137 501; x_wconf 89' lang='grc' dir='ltr'><strong>δέ</strong></span> <span class='ocrx_word' id='word_1_8' title='bbox 1167 475 1219 500; x_wconf 81' lang='grc' dir='ltr'><strong>νιν</strong></span> 
     </span>
    </p>
   </div>
   <div class='ocr_carea' id='block_1_3' title="bbox 427 551 1414 607">
    <p class='ocr_par' dir='ltr' id='par_1_3' title="bbox 427 551 1414 607">
     <span class='ocr_line' id='line_1_3' title="bbox 427 551 1414 607; baseline 0 -15"><span class='ocrx_word' id='word_1_9' title='bbox 427 553 594 598; x_wconf 80' lang='grc' dir='ltr'>δύστηνον</span> <span class='ocrx_word' id='word_1_10' title='bbox 623 556 728 604; x_wconf 86' lang='grc' dir='ltr'>ὅντα,</span> <span class='ocrx_word' id='word_1_11' title='bbox 759 554 885 607; x_wconf 83' lang='grc' dir='ltr'><strong><em>καίπερ</em></strong></span> <span class='ocrx_word' id='word_1_12' title='bbox 916 555 998 593; x_wconf 81' lang='grc' dir='ltr'>ὄντα</span> <span class='ocrx_word' id='word_1_13' title='bbox 1027 551 1206 605; x_wconf 77' lang='grc' dir='ltr'>δυσμενῆ,</span> <span class='ocrx_word' id='word_1_14' title='bbox 1242 569 1277 592; x_wconf 81' lang='grc' dir='ltr'><strong>κ.</strong></span> <span class='ocrx_word' id='word_1_15' title='bbox 1311 568 1344 592; x_wconf 91' lang='grc' dir='ltr'><strong>τ.</strong></span> <span class='ocrx_word' id='word_1_16' title='bbox 1377 553 1414 592; x_wconf 87' lang='grc' dir='ltr'><strong>λ.</strong></span> 
     </span>
    </p>
   </div>
   <div class='ocr_carea' id='block_1_4' title="bbox 364 708 1545 2343">
    <p class='ocr_par' dir='ltr' id='par_1_4' title="bbox 364 708 1494 1198">
     <span class='ocr_line' id='line_1_4' title="bbox 367 708 1493 771; baseline 0.002 -25"><span class='ocrx_word' id='word_1_17' title='bbox 367 708 470 751; x_wconf 74' lang='lat' dir='ltr'><strong>Quid</strong></span> <span class='ocrx_word' id='word_1_18' title='bbox 498 708 674 748; x_wconf 81' lang='grc' dir='ltr'>πολιτικόν</span> <span class='ocrx_word' id='word_1_19' title='bbox 695 711 737 748; x_wconf 93' lang='lat' dir='ltr'><strong>in</strong></span> <span class='ocrx_word' id='word_1_20' title='bbox 764 709 825 748; x_wconf 87' lang='lat' dir='ltr'><strong>his</strong></span> <span class='ocrx_word' id='word_1_21' title='bbox 852 710 1027 749; x_wconf 88' lang='lat' dir='ltr'><strong>omnibus</strong></span> <span class='ocrx_word' id='word_1_22' title='bbox 1045 709 1208 749; x_wconf 84' lang='lat' dir='ltr'><strong>inveniri</strong></span> <span class='ocrx_word' id='word_1_23' title='bbox 1217 709 1364 761; x_wconf 71' lang='lat' dir='ltr'><strong>potest?</strong></span> <span class='ocrx_word' id='word_1_24' title='bbox 1393 709 1493 771; x_wconf 82' lang='lat' dir='ltr'><strong>Nul-</strong></span> 
     </span>
     <span class='ocr_line' id='line_1_5' title="bbox 365 782 1494 849; baseline 0.002 -16"><span class='ocrx_word' id='word_1_25' title='bbox 365 795 443 833; x_wconf 90' lang='lat' dir='ltr'><strong>lum</strong></span> <span class='ocrx_word' id='word_1_26' title='bbox 470 795 663 847; x_wconf 83' lang='lat' dir='ltr'><strong>publicum</strong></span> <span class='ocrx_word' id='word_1_27' title='bbox 686 809 816 849; x_wconf 85' lang='lat' dir='ltr'><strong>gerens</strong></span> <span class='ocrx_word' id='word_1_28' title='bbox 837 782 996 845; x_wconf 77' lang='lat' dir='ltr'><strong>munus,</strong></span> <span class='ocrx_word' id='word_1_29' title='bbox 1023 811 1045 836; x_wconf 83' lang='lat' dir='ltr'><strong>a</strong></span> <span class='ocrx_word' id='word_1_30' title='bbox 1069 796 1176 836; x_wconf 85' lang='lat' dir='ltr'><strong>nullo</strong></span> <span class='ocrx_word' id='word_1_31' title='bbox 1201 809 1288 849; x_wconf 85' lang='lat' dir='ltr'><strong>rege</strong></span> <span class='ocrx_word' id='word_1_32' title='bbox 1313 796 1373 836; x_wconf 83' lang='lat' dir='ltr'><strong>vel</strong></span> <span class='ocrx_word' id='word_1_33' title='bbox 1400 797 1494 836; x_wconf 81' lang='lat' dir='ltr'><strong>duce</strong></span> 
     </span>
     <span class='ocr_line' id='line_1_6' title="bbox 364 882 1494 936; baseline 0.002 -16"><span class='ocrx_word' id='word_1_34' title='bbox 364 882 521 929; x_wconf 84' lang='lat' dir='ltr'><strong>missus,</strong></span> <span class='ocrx_word' id='word_1_35' title='bbox 556 882 710 933; x_wconf 83' lang='lat' dir='ltr'><strong>Ulysses</strong></span> <span class='ocrx_word' id='word_1_36' title='bbox 737 884 835 932; x_wconf 83' lang='lat' dir='ltr'><strong>exit,</strong></span> <span class='ocrx_word' id='word_1_37' title='bbox 863 888 907 924; x_wconf 86' lang='lat' dir='ltr'><strong>ut</strong></span> <span class='ocrx_word' id='word_1_38' title='bbox 929 899 1017 924; x_wconf 84' lang='lat' dir='ltr'><strong>suae</strong></span> <span class='ocrx_word' id='word_1_39' title='bbox 1037 885 1157 936; x_wconf 87' lang='lat' dir='ltr'><strong>ipsius</strong></span> <span class='ocrx_word' id='word_1_40' title='bbox 1184 883 1297 923; x_wconf 84' lang='lat' dir='ltr'><strong>saluti</strong></span> <span class='ocrx_word' id='word_1_41' title='bbox 1323 884 1494 923; x_wconf 83' lang='lat' dir='ltr'><strong>consulat</strong></span> 
     </span>
     <span class='ocr_line' id='line_1_7' title="bbox 364 971 1494 1024; baseline 0.004 -17"><span class='ocrx_word' id='word_1_42' title='bbox 364 971 402 1008; x_wconf 90' lang='lat' dir='ltr'><strong>et</strong></span> <span class='ocrx_word' id='word_1_43' title='bbox 438 971 568 1008; x_wconf 82' lang='lat' dir='ltr'><strong>contra</strong></span> <span class='ocrx_word' id='word_1_44' title='bbox 599 971 676 1009; x_wconf 88' lang='lat' dir='ltr'><strong>vim</strong></span> <span class='ocrx_word' id='word_1_45' title='bbox 708 971 961 1011; x_wconf 74' lang='lat' dir='ltr'><strong>inimicissimi</strong></span> <span class='ocrx_word' id='word_1_46' title='bbox 987 972 1150 1012; x_wconf 90' lang='lat' dir='ltr'><strong>hominis</strong></span> <span class='ocrx_word' id='word_1_47' title='bbox 1177 986 1215 1012; x_wconf 93' lang='lat' dir='ltr'><strong>se</strong></span> <span class='ocrx_word' id='word_1_48' title='bbox 1240 973 1363 1024; x_wconf 76' lang='lat' dir='ltr'><strong>ipsum</strong></span> <span class='ocrx_word' id='word_1_49' title='bbox 1387 975 1494 1011; x_wconf 86' lang='lat' dir='ltr'><strong>&#39;tuea-</strong></span> 
     </span>
     <span class='ocr_line' id='line_1_8' title="bbox 364 1057 1494 1110; baseline 0.002 -15"><span class='ocrx_word' id='word_1_50' title='bbox 364 1059 439 1096; x_wconf 89' lang='lat' dir='ltr'><strong>tur.</strong></span> <span class='ocrx_word' id='word_1_51' title='bbox 494 1057 599 1096; x_wconf 91' lang='lat' dir='ltr'><strong>Num</strong></span> <span class='ocrx_word' id='word_1_52' title='bbox 626 1057 692 1096; x_wconf 90' lang='lat' dir='ltr'><strong>illo</strong></span> <span class='ocrx_word' id='word_1_53' title='bbox 711 1057 794 1097; x_wconf 87' lang='lat' dir='ltr'><strong>loco</strong></span> <span class='ocrx_word' id='word_1_54' title='bbox 821 1058 975 1110; x_wconf 83' lang='lat' dir='ltr'><strong>Ulysses</strong></span> <span class='ocrx_word' id='word_1_55' title='bbox 991 1058 1159 1099; x_wconf 84' lang='lat' dir='ltr'><strong>diversus</strong></span> <span class='ocrx_word' id='word_1_56' title='bbox 1172 1061 1229 1099; x_wconf 88' lang='lat' dir='ltr'><strong>est</strong></span> <span class='ocrx_word' id='word_1_57' title='bbox 1242 1058 1288 1099; x_wconf 87' lang='lat' dir='ltr'><strong>ab</strong></span> <span class='ocrx_word' id='word_1_58' title='bbox 1301 1072 1360 1107; x_wconf 83' lang='grc' dir='ltr'><strong>θο,</strong></span> <span class='ocrx_word' id='word_1_59' title='bbox 1386 1072 1494 1110; x_wconf 88' lang='lat' dir='ltr'><strong>quem</strong></span> 
     </span>
     <span class='ocr_line' id='line_1_9' title="bbox 365 1144 876 1198; baseline 0.002 -15"><span class='ocrx_word' id='word_1_60' title='bbox 365 1144 516 1184; x_wconf 81' lang='lat' dir='ltr'><strong>aliunde</strong></span> <span class='ocrx_word' id='word_1_61' title='bbox 538 1146 806 1198; x_wconf 84' lang='lat' dir='ltr'><strong>eognovimus?</strong></span> <span class='ocrx_word' id='word_1_62' title='bbox 874 1195 876 1198; x_wconf 22' lang='grc' dir='ltr'>ι</span> 
     </span>
    </p>

    <p class='ocr_par' dir='ltr' id='par_1_5' title="bbox 365 1232 1545 2343">
     <span class='ocr_line' id='line_1_10' title="bbox 419 1232 1494 1285; baseline -0.001 -13"><span class='ocrx_word' id='word_1_63' title='bbox 419 1232 567 1272; x_wconf 86' lang='lat' dir='ltr'><strong>Deinde</strong></span> <span class='ocrx_word' id='word_1_64' title='bbox 604 1232 806 1282; x_wconf 79' lang='lat' dir='ltr'><strong>timiditas,</strong></span> <span class='ocrx_word' id='word_1_65' title='bbox 840 1246 952 1284; x_wconf 85' lang='lat' dir='ltr'><strong>quam</strong></span> <span class='ocrx_word' id='word_1_66' title='bbox 988 1233 1159 1274; x_wconf 85' lang='lat' dir='ltr'><strong>Minerva</strong></span> <span class='ocrx_word' id='word_1_67' title='bbox 1193 1232 1325 1285; x_wconf 76' lang='lat' dir='ltr'><strong>myssi</strong></span> <span class='ocrx_word' id='word_1_68' title='bbox 1364 1246 1494 1284; x_wconf 87' lang='lat' dir='ltr'><strong>expro-</strong></span> 
     </span>
     <span class='ocr_line' id='line_1_11' title="bbox 367 1324 1497 1379; baseline 0 -15"><span class='ocrx_word' id='word_1_69' title='bbox 367 1326 467 1373; x_wconf 88' lang='lat' dir='ltr'><strong>brat,</strong></span> <span class='ocrx_word' id='word_1_70' title='bbox 494 1326 559 1365; x_wconf 84' lang='lat' dir='ltr'><strong>vix</strong></span> <span class='ocrx_word' id='word_1_71' title='bbox 583 1326 776 1365; x_wconf 81' lang='lat' dir='ltr'><strong>conciliari</strong></span> <span class='ocrx_word' id='word_1_72' title='bbox 802 1330 925 1379; x_wconf 86' lang='lat' dir='ltr'><strong>potest</strong></span> <span class='ocrx_word' id='word_1_73' title='bbox 948 1340 1033 1365; x_wconf 87' lang='lat' dir='ltr'><strong>cum</strong></span> <span class='ocrx_word' id='word_1_74' title='bbox 1055 1340 1209 1379; x_wconf 83' lang='lat' dir='ltr'><strong>persona</strong></span> <span class='ocrx_word' id='word_1_75' title='bbox 1231 1326 1305 1366; x_wconf 85' lang='lat' dir='ltr'><strong>viri</strong></span> <span class='ocrx_word' id='word_1_76' title='bbox 1319 1324 1497 1365; x_wconf 84' lang='grc' dir='ltr'><strong><em>πολιτικοῦ</em></strong></span> 
     </span>
     <span class='ocr_line' id='line_1_12' title="bbox 368 1414 1495 1467; baseline -0.001 -14"><span class='ocrx_word' id='word_1_77' title='bbox 368 1414 446 1466; x_wconf 79' lang='lat' dir='ltr'><strong>(die</strong></span> <span class='ocrx_word' id='word_1_78' title='bbox 473 1414 575 1453; x_wconf 76' lang='lat' dir='ltr'><strong>Seite</strong></span> <span class='ocrx_word' id='word_1_79' title='bbox 598 1415 700 1453; x_wconf 72' lang='lat' dir='ltr'><strong>eines</strong></span> <span class='ocrx_word' id='word_1_80' title='bbox 722 1415 1031 1467; x_wconf 70' lang='lat' dir='ltr'><strong>Staatsmannes).</strong></span> <span class='ocrx_word' id='word_1_81' title='bbox 1086 1414 1209 1458; x_wconf 81' lang='lat' dir='ltr'><strong>Quam</strong></span> <span class='ocrx_word' id='word_1_82' title='bbox 1231 1417 1354 1454; x_wconf 83' lang='lat' dir='ltr'><strong>tamen</strong></span> <span class='ocrx_word' id='word_1_83' title='bbox 1368 1414 1495 1453; x_wconf 86' lang='lat' dir='ltr'><strong>fortis-</strong></span> 
     </span>
     <span class='ocr_line' id='line_1_13' title="bbox 366 1500 1495 1554; baseline -0.001 -13"><span class='ocrx_word' id='word_1_84' title='bbox 366 1502 461 1541; x_wconf 83' lang='lat' dir='ltr'><strong>simo</strong></span> <span class='ocrx_word' id='word_1_85' title='bbox 484 1500 588 1541; x_wconf 87' lang='lat' dir='ltr'><strong>heroi</strong></span> <span class='ocrx_word' id='word_1_86' title='bbox 610 1515 687 1540; x_wconf 90' lang='lat' dir='ltr'><strong>non</strong></span> <span class='ocrx_word' id='word_1_87' title='bbox 714 1502 848 1554; x_wconf 90' lang='lat' dir='ltr'><strong>probro</strong></span> <span class='ocrx_word' id='word_1_88' title='bbox 862 1501 1075 1542; x_wconf 78' lang='lat' dir='ltr'><strong>vertendam</strong></span> <span class='ocrx_word' id='word_1_89' title='bbox 1088 1502 1251 1554; x_wconf 80' lang='lat' dir='ltr'><strong>essejam</strong></span> <span class='ocrx_word' id='word_1_90' title='bbox 1265 1501 1495 1541; x_wconf 86' lang='lat' dir='ltr'><strong>animadver—</strong></span> 
     </span>
     <span class='ocr_line' id='line_1_14' title="bbox 365 1588 1496 1637; baseline 0 -10"><span class='ocrx_word' id='word_1_91' title='bbox 365 1590 417 1628; x_wconf 90' lang='lat' dir='ltr'><strong>tit</strong></span> <span class='ocrx_word' id='word_1_92' title='bbox 458 1588 669 1628; x_wconf 83' lang='lat' dir='ltr'><strong>Scholiasta</strong></span> <span class='ocrx_word' id='word_1_93' title='bbox 692 1589 739 1628; x_wconf 87' lang='lat' dir='ltr'><strong>ad</strong></span> <span class='ocrx_word' id='word_1_94' title='bbox 765 1604 800 1629; x_wconf 87' lang='lat' dir='ltr'><strong>v.</strong></span> <span class='ocrx_word' id='word_1_95' title='bbox 825 1593 874 1629; x_wconf 88' lang='grc'><strong>75</strong></span> <span class='ocrx_word' id='word_1_96' title='bbox 902 1592 940 1629; x_wconf 90' lang='lat' dir='ltr'><strong>et</strong></span> <span class='ocrx_word' id='word_1_97' title='bbox 963 1592 1031 1637; x_wconf 82' lang='lat'><strong>82,</strong></span> <span class='ocrx_word' id='word_1_98' title='bbox 1059 1589 1275 1637; x_wconf 82' lang='lat' dir='ltr'><strong>ostendens,</strong></span> <span class='ocrx_word' id='word_1_99' title='bbox 1299 1602 1376 1627; x_wconf 92' lang='lat' dir='ltr'><strong>non</strong></span> <span class='ocrx_word' id='word_1_100' title='bbox 1409 1602 1496 1627; x_wconf 81' lang='lat' dir='ltr'><strong>sane</strong></span> 
     </span>
     <span class='ocr_line' id='line_1_15' title="bbox 366 1675 1496 1731; baseline -0.002 -15"><span class='ocrx_word' id='word_1_101' title='bbox 366 1677 556 1730; x_wconf 81' lang='lat' dir='ltr'><strong>ignaviam</strong></span> <span class='ocrx_word' id='word_1_102' title='bbox 587 1678 667 1730; x_wconf 89' lang='lat' dir='ltr'><strong>ejus</strong></span> <span class='ocrx_word' id='word_1_103' title='bbox 694 1678 941 1731; x_wconf 86' lang='lat' dir='ltr'><strong>perstringere</strong></span> <span class='ocrx_word' id='word_1_104' title='bbox 962 1676 1125 1718; x_wconf 86' lang='lat' dir='ltr'><strong>voluisse</strong></span> <span class='ocrx_word' id='word_1_105' title='bbox 1146 1679 1308 1729; x_wconf 81' lang='lat' dir='ltr'><strong>poetam,</strong></span> <span class='ocrx_word' id='word_1_106' title='bbox 1335 1676 1376 1715; x_wconf 91' lang='lat' dir='ltr'><strong>id</strong></span> <span class='ocrx_word' id='word_1_107' title='bbox 1394 1675 1496 1727; x_wconf 88' lang='lat' dir='ltr'><strong>quod</strong></span> 
     </span>
     <span class='ocr_line' id='line_1_16' title="bbox 366 1764 1496 1818; baseline -0.002 -13"><span class='ocrx_word' id='word_1_108' title='bbox 366 1779 497 1817; x_wconf 75' lang='lat' dir='ltr'><strong>parum</strong></span> <span class='ocrx_word' id='word_1_109' title='bbox 533 1766 756 1805; x_wconf 85' lang='lat' dir='ltr'><strong>conveniens</strong></span> <span class='ocrx_word' id='word_1_110' title='bbox 791 1766 925 1805; x_wconf 86' lang='lat' dir='ltr'><strong>fuisset</strong></span> <span class='ocrx_word' id='word_1_111' title='bbox 959 1765 1169 1818; x_wconf 82' lang='lat' dir='ltr'><strong>tragoediae</strong></span> <span class='ocrx_word' id='word_1_112' title='bbox 1209 1765 1404 1818; x_wconf 85' lang='lat' dir='ltr'><strong>dignitati,</strong></span> <span class='ocrx_word' id='word_1_113' title='bbox 1431 1764 1496 1803; x_wconf 88' lang='lat' dir='ltr'><strong>sed</strong></span> 
     </span>
     <span class='ocr_line' id='line_1_17' title="bbox 367 1827 1545 1906; baseline -0.002 -14"><span class='ocrx_word' id='word_1_114' title='bbox 367 1853 541 1905; x_wconf 83' lang='lat' dir='ltr'><strong>Ulyssem</strong></span> <span class='ocrx_word' id='word_1_115' title='bbox 565 1857 717 1893; x_wconf 85' lang='lat' dir='ltr'><strong>cantum</strong></span> <span class='ocrx_word' id='word_1_116' title='bbox 757 1867 795 1893; x_wconf 91' lang='lat' dir='ltr'><strong>se</strong></span> <span class='ocrx_word' id='word_1_117' title='bbox 820 1867 959 1906; x_wconf 88' lang='lat' dir='ltr'><strong>gerere,</strong></span> <span class='ocrx_word' id='word_1_118' title='bbox 995 1867 1111 1905; x_wconf 85' lang='lat' dir='ltr'><strong>quum</strong></span> <span class='ocrx_word' id='word_1_119' title='bbox 1137 1852 1331 1905; x_wconf 85' lang='lat' dir='ltr'><strong>prudentis</strong></span> <span class='ocrx_word' id='word_1_120' title='bbox 1358 1852 1409 1891; x_wconf 85' lang='lat' dir='ltr'><strong>sit</strong></span> <span class='ocrx_word' id='word_1_121' title='bbox 1435 1852 1495 1890; x_wconf 87' lang='lat' dir='ltr'><strong>in·</strong></span> <span class='ocrx_word' id='word_1_122' title='bbox 1543 1827 1545 1829; x_wconf 21' lang='grc' dir='ltr'>Ι</span> 
     </span>
     <span class='ocr_line' id='line_1_18' title="bbox 367 1939 1495 1993; baseline -0.003 -11"><span class='ocrx_word' id='word_1_123' title='bbox 367 1956 457 1982; x_wconf 81' lang='lat' dir='ltr'><strong>sano</strong></span> <span class='ocrx_word' id='word_1_124' title='bbox 497 1942 645 1982; x_wconf 84' lang='lat' dir='ltr'><strong>inimici</strong></span> <span class='ocrx_word' id='word_1_125' title='bbox 680 1942 798 1982; x_wconf 83' lang='lat' dir='ltr'><strong>furori</strong></span> <span class='ocrx_word' id='word_1_126' title='bbox 829 1956 907 1982; x_wconf 90' lang='lat' dir='ltr'><strong>non</strong></span> <span class='ocrx_word' id='word_1_127' title='bbox 946 1945 1081 1981; x_wconf 90' lang='lat' dir='ltr'><strong>temere</strong></span> <span class='ocrx_word' id='word_1_128' title='bbox 1106 1956 1145 1981; x_wconf 88' lang='lat' dir='ltr'><strong>se</strong></span> <span class='ocrx_word' id='word_1_129' title='bbox 1171 1940 1338 1993; x_wconf 85' lang='lat' dir='ltr'><strong>objicere.</strong></span> <span class='ocrx_word' id='word_1_130' title='bbox 1392 1939 1495 1979; x_wconf 85' lang='lat' dir='ltr'><strong>Talis</strong></span> 
     </span>
     <span class='ocr_line' id='line_1_19' title="bbox 367 2028 1496 2082; baseline -0.002 -13"><span class='ocrx_word' id='word_1_131' title='bbox 367 2033 492 2069; x_wconf 79' lang='lat' dir='ltr'><strong>autem</strong></span> <span class='ocrx_word' id='word_1_132' title='bbox 519 2030 719 2081; x_wconf 80' lang='lat' dir='ltr'><strong>prudentia</strong></span> <span class='ocrx_word' id='word_1_133' title='bbox 749 2030 791 2068; x_wconf 92' lang='lat' dir='ltr'><strong>in</strong></span> <span class='ocrx_word' id='word_1_134' title='bbox 818 2032 989 2068; x_wconf 83' lang='lat' dir='ltr'><strong>naturam</strong></span> <span class='ocrx_word' id='word_1_135' title='bbox 1010 2029 1161 2081; x_wconf 85' lang='lat' dir='ltr'><strong>Ulyssis</strong></span> <span class='ocrx_word' id='word_1_136' title='bbox 1183 2029 1322 2082; x_wconf 84' lang='lat' dir='ltr'><strong>optime</strong></span> <span class='ocrx_word' id='word_1_137' title='bbox 1347 2028 1496 2068; x_wconf 88' lang='lat' dir='ltr'><strong>videtur</strong></span> 
     </span>
     <span class='ocr_line' id='line_1_20' title="bbox 368 2116 1494 2169; baseline -0.002 -12"><span class='ocrx_word' id='word_1_138' title='bbox 368 2118 565 2169; x_wconf 82' lang='lat' dir='ltr'><strong>quadrare,</strong></span> <span class='ocrx_word' id='word_1_139' title='bbox 592 2132 661 2157; x_wconf 89' lang='lat' dir='ltr'><strong>nec</strong></span> <span class='ocrx_word' id='word_1_140' title='bbox 683 2118 809 2156; x_wconf 88' lang='lat' dir='ltr'><strong>minus</strong></span> <span class='ocrx_word' id='word_1_141' title='bbox 828 2117 920 2157; x_wconf 89' lang='lat' dir='ltr'><strong>bene</strong></span> <span class='ocrx_word' id='word_1_142' title='bbox 942 2131 1027 2156; x_wconf 86' lang='lat' dir='ltr'><strong>cum</strong></span> <span class='ocrx_word' id='word_1_143' title='bbox 1048 2117 1287 2164; x_wconf 86' lang='lat' dir='ltr'><strong>fortitudine,</strong></span> <span class='ocrx_word' id='word_1_144' title='bbox 1309 2130 1383 2167; x_wconf 83' lang='lat' dir='ltr'><strong>qua</strong></span> <span class='ocrx_word' id='word_1_145' title='bbox 1405 2116 1494 2157; x_wconf 80' lang='lat' dir='ltr'><strong>alias</strong></span> 
     </span>
     <span class='ocr_line' id='line_1_21' title="bbox 367 2204 1495 2259; baseline -0.002 -14"><span class='ocrx_word' id='word_1_146' title='bbox 367 2205 531 2259; x_wconf 88' lang='lat' dir='ltr'><strong>insignis</strong></span> <span class='ocrx_word' id='word_1_147' title='bbox 566 2205 660 2253; x_wconf 77' lang='lat' dir='ltr'><strong>fuit,</strong></span> <span class='ocrx_word' id='word_1_148' title='bbox 702 2204 904 2245; x_wconf 83' lang='lat' dir='ltr'><strong>conciliari.</strong></span> <span class='ocrx_word' id='word_1_149' title='bbox 977 2205 1108 2258; x_wconf 88' lang='lat' dir='ltr'><strong>Ipsum</strong></span> <span class='ocrx_word' id='word_1_150' title='bbox 1147 2204 1361 2252; x_wconf 78' lang='lat' dir='ltr'><strong>audiamus,</strong></span> <span class='ocrx_word' id='word_1_151' title='bbox 1401 2217 1495 2256; x_wconf 84' lang='lat' dir='ltr'><strong>quae</strong></span> 
     </span>
     <span class='ocr_line' id='line_1_22' title="bbox 371 2292 968 2343; baseline -0.002 -12"><span class='ocrx_word' id='word_1_152' title='bbox 371 2293 472 2332; x_wconf 85' lang='lat' dir='ltr'><strong>dicat</strong></span> <span class='ocrx_word' id='word_1_153' title='bbox 498 2292 596 2332; x_wconf 91' lang='lat' dir='ltr'><strong>Phil.</strong></span> <span class='ocrx_word' id='word_1_154' title='bbox 620 2306 674 2332; x_wconf 87' lang='lat' dir='ltr'><strong>vs.</strong></span> <span class='ocrx_word' id='word_1_155' title='bbox 704 2294 805 2331; x_wconf 87' lang='lat'>1031</span> <span class='ocrx_word' id='word_1_156' title='bbox 835 2305 931 2343; x_wconf 90' lang='lat' dir='ltr'><strong>seqq.</strong></span> <span class='ocrx_word' id='word_1_157' title='bbox 961 2306 968 2330; x_wconf 92' lang='lat'><strong>:</strong></span> 
     </span>
    </p>
   </div>
   <div class='ocr_carea' id='block_1_5' title="bbox 491 2433 1345 2493">
    <p class='ocr_par' dir='ltr' id='par_1_6' title="bbox 491 2433 1345 2493">
     <span class='ocr_line' id='line_1_23' title="bbox 491 2433 1345 2493; baseline -0.001 -15"><span class='ocrx_word' id='word_1_158' title='bbox 491 2434 548 2478; x_wconf 64' lang='lat' dir='ltr'><strong>OB</strong></span> <span class='ocrx_word' id='word_1_159' title='bbox 579 2438 651 2493; x_wconf 77' lang='grc' dir='ltr'><strong>γὰρ</strong></span> <span class='ocrx_word' id='word_1_160' title='bbox 684 2438 841 2478; x_wconf 79' lang='grc' dir='ltr'>τοιούτων</span> <span class='ocrx_word' id='word_1_161' title='bbox 871 2435 952 2490; x_wconf 83' lang='grc' dir='ltr'>δεῖ,</span> <span class='ocrx_word' id='word_1_162' title='bbox 988 2440 1134 2483; x_wconf 82' lang='grc' dir='ltr'>τοιοῦτος</span> <span class='ocrx_word' id='word_1_163' title='bbox 1164 2433 1231 2492; x_wconf 84' lang='grc' dir='ltr'><em>εἰμ’</em></span> <span class='ocrx_word' id='word_1_164' title='bbox 1264 2437 1345 2492; x_wconf 80' lang='grc' dir='ltr'><em>ἐγώ·</em></span> 
     </span>
    </p>
   </div>
   <div class='ocr_carea' id='block_1_6' title="bbox 489 2529 1337 2587">
    <p class='ocr_par' dir='ltr' id='par_1_7' title="bbox 489 2529 1337 2587">
     <span class='ocr_line' id='line_1_24' title="bbox 489 2529 1337 2587; baseline 0 -16"><span class='ocrx_word' id='word_1_165' title='bbox 489 2534 614 2584; x_wconf 88' lang='grc' dir='ltr'>χῶπου</span> <span class='ocrx_word' id='word_1_166' title='bbox 645 2530 793 2571; x_wconf 85' lang='grc' dir='ltr'>δικαίων</span> <span class='ocrx_word' id='word_1_167' title='bbox 824 2533 1000 2585; x_wconf 62' lang='grc' dir='ltr'>κάγαθῶν</span> <span class='ocrx_word' id='word_1_168' title='bbox 1030 2529 1173 2587; x_wconf 82' lang='grc' dir='ltr'>ἀνδρῶν</span> <span class='ocrx_word' id='word_1_169' title='bbox 1203 2532 1337 2586; x_wconf 84' lang='grc' dir='ltr'>κρίσις,</span> 
     </span>
    </p>
   </div>
  </div>
 </body>
</html>
