1759 3182
721 356 768 391 28

182 460 319 499 clerum
345 459 432 498 mali
454 461 546 510 quid
569 461 740 501 adversus
766 477 805 502 se
831 465 985 510 struere3
1013 464 1137 514 itaque
1159 465 1304 513 quaerit

183 560 203 586 a
225 546 479 599 Neoptolemo,
501 548 592 599 quid
614 548 686 589 sibi
706 549 796 589 velit
814 550 859 598 is,
883 550 949 602 qui
968 550 1022 589 ita
1049 550 1205 590 obscure
1217 563 1301 589 cum

178 634 259 687 ipso
285 633 468 687 loquatur.
496 635 592 676 Tum
605 636 871 689 Neoptolemus
884 636 1098 677 nauclerum
1112 637 1207 677 clare
1219 650 1298 677 rem

180 722 300 762 dicere
321 723 438 774 jubet.
467 723 543 762 Hic
566 727 705 771 autem,
728 727 918 776 praecepta
929 724 1079 775 Ulyssis
1093 725 1230 776 optime
1243 737 1299 763 se-

177 810 303 857 cutus,
329 822 504 863 magnum
521 803 734 863 'periculum
762 823 784 848 a
810 809 961 849 Graecis
974 810 1102 849 timere
1117 823 1155 848 se
1169 810 1297 863 fingit,

174 903 242 927 nec
263 893 367 939 prius
394 894 643 940 proloquitur,
662 906 772 940 quam
794 895 1072 941 Neoptolemus,
1095 896 1241 931 Atridis
1256 909 1296 931 se

173 983 385 1026 inimicum,
411 980 657 1020 Philoctetam
681 983 803 1021 autem
824 980 897 1021 sibi
924 979 1190 1021 amicissimum
1215 994 1293 1021 esse

175 1049 378 1116 affirmans,
391 1064 529 1107 iterum
555 1077 640 1106 eum
655 1063 871 1105 adhortatus
885 1065 946 1104 sit.
973 1065 1035 1104 Ita
1047 1064 1197 1104 tandem
1213 1077 1297 1117 ape-

173 1150 237 1185 rit,
259 1150 434 1189 Ulyssem
448 1153 485 1178 et
499 1152 719 1180 Diomedem
732 1154 820 1181 navi
833 1154 1016 1190 profectos
1034 1165 1123 1188 esse,
1132 1155 1296 1191 juratos,

173 1264 212 1281 se
224 1254 290 1281 aut
304 1252 342 1281 vi
357 1255 422 1282 aut
444 1251 680 1291 persuasione
704 1249 953 1285 Philoctetam
979 1227 1215 1293 reauclmos,
1236 1224 1296 1287 ld-

171 1334 243 1376 que
261 1318 453 1375 Ulyssem,
480 1319 652 1360 audiente
678 1322 759 1360 toto
773 1320 954 1368 exercitu,
980 1320 1194 1372 pollicitum
1208 1332 1294 1358 εεεα

235 1419 397 1458 Miratur
436 1417 724 1469 Neoptolemus,
746 1415 856 1469 ·quid
895 1415 945 1459 sit
977 1412 1078 1470 quod
1117 1411 1291 1467 Atridae,

171 1514 281 1556 quem
323 1498 415 1540 olim
455 1500 645 1554 ejecerint,
689 1512 773 1539 eum
818 1512 920 1539 nunc
942 1494 1089 1540 'arcessi
1125 1501 1291 1551 jubeant.

171 1595 198 1632 J
199 1609 259 1632 am
299 1595 494 1633 nauclerus
526 1595 676 1633 uberius
715 1599 876 1641 enarrat,
913 1608 986 1644 qua
1022 1608 1151 1634 caussa
1178 1594 1293 1635 Grae-

171 1680 206 1722 ci
233 1679 280 1721 ad
306 1679 347 1721 id
380 1678 591 1721 faciendum
620 1678 773 1721 adducti
809 1679 897 1720 sint.
963 1678 1096 1720 Fuisse
1127 1678 1291 1720 nobilem

124 1744 129 1748 i
170 1772 309 1815 vatem,
335 1769 476 1807 Priami
502 1769 642 1814 filium,
664 1768 851 1807 Helenum
874 1770 1042 1815 nomine,
1068 1782 1178 1818 quem
1209 1783 1291 1807 ver-

168 1860 277 1897 sutus
302 1857 367 1896 ille
405 1860 442 1896 et
474 1857 608 1896 merito
634 1855 808 1896 omnibus
835 1855 1080 1897 exsecrandus
1117 1855 1289 1908 Ulysses,

167 1946 278 1983 noete
291 1942 392 1982 solus
405 1956 425 1982 e
439 1942 568 1981 castris
581 1954 764 1995 egressus,
778 1942 913 1993 ceperit
927 1942 1174 1992 vinctumque
1184 1955 1286 1982 exer-

168 2033 263 2071 citui
290 2031 502 2071 osteuderit.
530 2031 646 2070 Hunc
670 2034 810 2082 praeter
834 2031 904 2069 alia
923 2031 1035 2070 etiam
1049 2030 1120 2069 hoc
1134 2031 1285 2070 Graecis

166 2133 243 2159 esse
266 2119 529 2167 vaticinatum,
555 2131 748 2170 nunquam
774 2117 868 2166 fore,
891 2119 935 2179 ut
954 2116 1071 2157 Ilium
1082 2119 1285 2173 expugnari

166 2210 308 2258 posset,
343 2197 418 2246 nisi
454 2207 558 2258 prius
583 2205 814 2246 Philoctetae
838 2207 1104 2257 persuasissent
1129 2207 1206 2257 (1),
1242 2209 1286 2246 ut

166 2293 212 2333 ad
238 2294 441 2333 exercitum
468 2295 719 2333 reverteretur.
773 2293 834 2332 Ad
860 2293 950 2333 haec
963 2292 1136 2344 Ulyssem
1156 2294 1284 2333 statim

134 2535 137 2537 Α
207 2506 250 2544 (1)
270 2504 382 2536 Heleni
408 2505 587 2536 vaticinium
603 2506 738 2544 jusserat
762 2506 905 2545 Ulyssem
928 2504 1010 2550 λόγῳ
1034 2509 1142 2539 πεῖσαι
1162 2508 1284 2541 Philoc-

163 2568 274 2602 tetam,
297 2563 379 2604 quod
399 2563 502 2603 magni
523 2563 641 2595 videtur
668 2573 735 2595 esse
757 2565 923 2611 momenti}
949 2566 1117 2597 sanationis
1145 2567 1231 2598 nulla
1251 2568 1285 2598 fit
