1759 3182
730 373 775 407 21

185 515 187 517 .
244 481 318 527 Ita,
343 478 456 518 nullo
476 480 646 520 obstante
668 480 947 533 impedimento,
978 482 1060 519 tota
1084 492 1143 519 τω
1169 493 1215 518 ex
1229 492 1314 518 sen—

192 565 311 607 tentia
335 565 522 616 succedit3
549 566 612 607 sed
630 566 801 620 Ulysses,
826 565 1029 607 festinandi
1043 566 1171 606 ardore
1184 564 1313 618 abrep-

191 657 273 702 tus,
303 666 419 705 quum
444 656 588 708 tempus
615 654 766 709 longius
792 656 827 695 ei
845 656 917 695 teri
943 654 1129 695 videretur
1154 656 1192 693 et
1232 654 1313 693 Ne—

191 740 368 793 optolemi
400 742 558 782 consilia
582 746 765 783 maturare
789 742 922 790 vellet,
958 756 1002 783 eo
1023 742 1106 795 ipso
1131 755 1208 782 rem
1229 754 1313 793 per-

191 828 271 870 «fit.-
313 829 501 883 Namque,
533 844 649 883 quum
684 831 762 883 jam
795 830 837 870 in
877 843 920 870 eo
959 831 1036 877 aet,
1075 831 1120 869 ut
1160 829 1312 876 abeant,

191 917 316 957 subito
343 917 478 957 chorus
504 917 704 958 subsistere
720 917 846 969 jubet;
871 918 1009 969 quippe
1020 900 1313 968 appropinquare

191 1010 284 1050 duos
309 1009 494 1059 homines,
521 1009 676 1050 alterum
700 1010 852 1065 ἔμπορον
877 1008 957 1049 sive
968 1007 1205 1061 Neoptolemi
1217 1022 1311 1048 nau-

188 1099 290 1143 tam,.
306 1095 539 1149 peregrinum
561 1095 727 1135 alterum.

240 1180 423 1243 Ἐμπορος
447 1182 513 1222 ille
537 1185 594 1222 est
615 1182 713 1222 idem
738 1182 925 1230 minister,
957 1183 1024 1234 qui
1044 1185 1131 1222 ante
1143 1182 1310 1235 specula-

168 1276 280 1329 toris
319 1278 440 1327 partes
475 1277 609 1328 egerat,
648 1289 702 1315 vs.
727 1276 822 1323 127,
849 1288 920 1327 sq.‚
952 1288 1062 1327 quem
1088 1289 1191 1315 nunc
1215 1289 1310 1315 nau-

187 1361 275 1401 cleri
307 1361 439 1402 habitu
477 1362 598 1402 mittit
637 1362 807 1414 U1ysses,
846 1365 1023 1414 tanquam
1063 1363 1221 1405 fortuito
1262 1364 1309 1403 ad

185 1449 319 1488 Lemni
350 1462 432 1488 oras
463 1448 637 1488 delatum.
658 1487 660 1489 ,
688 1448 822 1501 Pingit
848 1426 887 1488 se
913 1462 992 1489 esse
1017 1462 1038 1488 e
1068 1463 1221 1489 numero
1247 1463 1308 1489 eo-

185 1549 269 1575 rum
304 1535 514 1581 hominum,
553 1536 620 1586 qui
659 1536 810 1575 Graecis
832 1536 1059 1575 frumentum
1085 1540 1123 1575 et
1149 1538 1238 1576 vina
1263 1552 1309 1577 ex

185 1622 320 1662 insulis
356 1623 492 1662 vicinis
517 1621 732 1662 subvectare
759 1621 939 1671 solerent3
969 1600 1310 1664 verisimilitudinis

186 1721 314 1747 caussa
344 1722 462 1747 unum
488 1721 508 1747 e
534 1708 646 1752 sociis
669 1708 925 1760 Neoptolemi,
951 1710 1018 1760 qui
1045 1711 1310 1770 custodiendae

184 1796 306 1835 navis*
329 1808 457 1834 caussa
492 1794 538 1833 ad
577 1794 688 1833 littus
723 1799 988 1843 remanserant,
1023 1799 1201 1849 tanquam
1229 1800 1309 1839 viae

183 1883 346 1923 indicem
368 1896 491 1923 secum
518 1882 624 1921 ducit
653 1882 723 1934 (1).

236 1971 422 2011 Mercator
448 1970 577 2023 igitur,
602 1968 887 2021 Neoptolemum
914 1969 1119 2017 allocutus,
1142 1971 1244 2011 hunc
1267 1988 1306 2020 se

224 2178 269 2216 (1)
289 2178 383 2207 Hune
412 2175 634 2214 Neoptolemus
653 2178 745 2205 vocat
763 2172 955 2217 ξυνέμπορον
969 2175 1003 2204 h.
1017 2184 1047 2205 e.
1063 2175 1209 2212 eumaem,
1224 2178 1305 2207 anti·

181 2251 242 2281 qua
268 2241 322 2272 iun.
348 2240 590 2284 significatione,
622 2248 683 2278 qua
709 2235 845 2282 ΐμπορος
863 2243 1024 2277 vectorem,
1050 2243 1172 2269 nauum
1185 2240 1304 2279 signifi-

180 2304 242 2331 cat.
260 2299 327 2331 Οἱς.
338 2300 493 2330 Homerus
505 2298 567 2329 Od.
575 2298 622 2327 Π.
633 2300 704 2335 ³1⁹3
722 2297 848 2327 XXIV.
863 2300 935 2326 300.
946 2296 1096 2335 Aeschyl.
1117 2296 1256 2336 Choeph.
1268 2308 1300 2328 v.

181 2360 253 2389 650.
267 2356 362 2396 Soph.
377 2356 569 2387 Trachin.v.
581 2358 660 2394 8185
674 2354 765 2386 Plato
775 2354 909 2385 Phaedr.
921 2363 954 2393 p.
968 2354 1088 2386 1os.B.
1098 2353 1302 2387 Alterautem

179 2420 233 2451 ille
251 2422 432 2459 personatus
453 2418 614 2448 nauclerus
643 2413 776 2461 ἷμπορος
801 2417 928 2455 vulg-ata
950 2418 1129 2447 mercatoris
1152 2419 1303 2456 significa-

180 2479 265 2509 tione
297 2479 442 2513 vocatur,
483 2484 558 2506 non·
581 2475 678 2515 ipsius
709 2478 818 2516 poetae
849 2474 969 2511 verbis,
998 2475 1052 2505 sed
1086 2475 1120 2505 in
1156 2476 1303 2508 dramatis

179 2535 407 2568 schematismo.
462 2532 548 2564 Haec
575 2543 594 2564 a
622 2533 815 2563 Buttmanno
844 2532 962 2563 monita
990 2533 1207 2573 praecipienda
1236 2544 1303 2567 esse

180 2592 372 2629 existimavi,
397 2595 432 2622 ut
455 2599 495 2622 ne
517 2590 675 2630 sequeutia
698 2594 801 2621 essent
824 2589 1011 2620 obscuriora.
