1759 3182
690 408 733 442 85

158 515 297 563 tendit,
321 492 470 554 cacum
493 489 731 568 sequentihus
755 514 934 567 conjungi
948 526 1024 553 non
1038 510 1274 566 posse,quod

159 616 277 655 neque
300 606 405 643 antea
419 603 683 656 Neoptolemus
698 603 897 656 choragum
923 601 1103 656 ingredi
1120 600 1276 653 jusserit

158 693 305 730 antrum
331 690 576 738 Philoctetae,
602 694 639 730 et
664 690 783 730 multo
806 691 930 729 minus
951 689 1081 742 jubere
1103 702 1185 727 eum
1208 700 1274 739 po-

156 777 274 816 tuerit
299 791 472 817 manere
492 778 533 817 in
547 780 671 825 antro,
685 776 801 817 donec
813 776 1039 817 Philoctetes
1053 774 1276 815 accoesisset.

161 871 203 908 Si
230 874 351 909 autem
378 871 425 908 ad
446 871 698 922 praecedentia
718 871 938 916 referantur,
952 882 1036 906 cum
1049 868 1160 906 verbo
1188 866 1278 919 μόλῃ

156 957 346 1010 jungenda
372 971 449 997 non
472 971 564 1005 esse,
591 960 780 1009 propterea
802 956 903 1008 quod
927 970 1003 995 non
1027 954 1146 994 solum
1169 954 1280 993 sciret

161 1043 443 1094 Neoptolemus,
469 1043 510 1081 id
536 1043 638 1092 quod
660 1056 680 1081 e
705 1042 858 1095 prologo
880 1045 917 1080 et
941 1041 1181 1092 sequentibus
1208 1053 1280 1078 vss.

158 1134 327 1177 constat,
348 1130 594 1169 Philoctetam
608 1112 711 1170 nunc
724 1121 801 1170 non
814 1145 891 1169 esse
904 1132 945 1169 in
959 1133 1082 1176 antro,
1096 1129 1160 1168 sed
1173 1129 1283 1166 etiam
1299 1132 1303 1137 ’

164 1230 306 1270 sperare
328 1217 362 1256 ei
383 1230 460 1256 non
486 1216 614 1257 liceret
640 1218 718 1258 fore
742 1220 804 1266 ut,
827 1218 860 1257 si
883 1190 1086 1265 accederet,
1109 1231 1154 1256 ex
1177 1218 1284 1256 antro

164 1304 363 1345 adveniret.
404 1304 531 1344 Multo
558 1306 682 1345 minus
710 1309 833 1345 autem
855 1319 901 1345 ea
926 1305 1036 1346 verba
1049 1319 1094 1344 ex
1109 1304 1283 1344 substan-

164 1398 244 1438 tivo
272 1395 388 1444 ὁδίτης
416 1401 501 1450 apta
522 1412 628 1450 posse
650 1399 871 1447 existimari3
899 1400 1059 1451 primum
1085 1399 1184 1437 enim
1211 1398 1285 1437 isto

165 1498 278 1524 sensu
312 1483 383 1523 hoc
409 1484 558 1535 quidem
585 1485 668 1524 loco
696 1485 895 1530 articulum
923 1485 1092 1525 additum
1119 1498 1197 1524 esse
1223 1484 1286 1523 de-

169 1581 269 1628 bere3
308 1580 439 1619 deinde
474 1594 559 1619 vero
596 1580 813 1633 Sophoclem
844 1595 922 1620 non
958 1582 1148 1620 dicturum
1173 1581 1290 1619 fuisse

167 1671 277 1719 δεινὸς
303 1671 419 1719 ὁδίτης
447 1673 465 1713 ὁ
494 1669 598 1713 τῶνδ’
632 1675 671 1713 ἑκ
699 1673 891 1729 μελάθρων
918 1689 926 1713 z
953 1672 1195 1713 horribilis
1226 1673 1290 1711 vi-

169 1764 282 1808 ator,
310 1761 387 1811 qui
413 1760 495 1799 hoc
523 1763 702 1799 antrum
728 1759 915 1800 habitat.
969 1761 1011 1799 Si
1033 1761 1132 1799 enim
1154 1761 1209 1798 ita
1231 1760 1290 1798 in-

170 1849 293 1888 dicare
327 1847 573 1887 Philoctetam
609 1847 805 1895 voluisset,
840 1851 886 1887 ut
924 1848 1023 1887 antri
1048 1847 1292 1887 habitatorem

173 1940 326 1988 diceret,
360 1953 437 1979 non
472 1953 605 1979 nomen
632 1937 774 1987 ὁδίτης,
813 1940 877 1980 sed
903 1941 993 1999 ἀνήρ
1020 1941 1079 1981 vel
1105 1942 1294 1996 ἄνθρωπος

173 2027 232 2067 vel
254 2026 375 2066 solum
398 2026 598 2066 articulum
620 2028 830 2079 positurum
843 2028 969 2067 fuisse.
997 2027 1170 2068 Ceterum
1182 2029 1293 2068 verba

172 2117 282 2164 δεινὸς
310 2116 427 2163 ὁδίτης
454 2119 695 2171 appositionis
722 2120 804 2158 loco
832 2119 933 2161 dicta
959 2120 1097 2171 accipit
1123 2118 1294 2158 Wunde-

172 2207 345 2255 rus,'ita
370 2208 416 2246 ut
447 2206 699 2259 significarent
727 2221 734 2245 :
763 2206 828 2247 als
854 2207 928 2247 ein
955 2205 1295 2247 schrecklicher

175 2295 385 2349 Fussgiin
393 2308 478 2349 ger.

228 2387 481 2438 HermannuS,
517 2390 712 2438 praeeunte
744 2386 1006 2434 Wakefieldio,
1041 2387 1151 2426 verba
1188 2383 1291 2426 τῶνδ’

176 2480 215 2520 ἐκ
263 2462 455 2535 μέλάὲρων
500 2493 577 2519 non
604 2493 689 2519 cum
715 2478 820 2533 μόλῃ,
851 2480 915 2519 sed
939 2494 1024 2520 cum
1051 2463 1168 2526 ὁδίτης
1209 2494 1298 2520 con-

177 2565 353 2607 struenda
379 2568 518 2614 censet,
540 2565 611 2605 hoc
640 2579 752 2606 sensu
780 2580 787 2606 z
814 2580 948 2619 quum
975 2570 1120 2608 autem
1142 2568 1294 2608 veniet

180 2653 454 2694 metuendus
482 2654 567 2701 vir,
594 2654 672 2704 qui
699 2668 750 2706 eg
776 2654 859 2694 hoc
886 2659 1017 2695 antro
1045 2656 1170 2696 abiit.
