1759 3182
721 345 765 379 49

140 487 144 494 x
171 450 438 512 declarantem,
473 453 550 490 tam
578 464 646 491 suo
669 465 708 491 se
724 455 874 504 peccato
900 464 1014 503 quam
1037 450 1155 495 aliena
1182 451 1295 489 mise-

175 537 230 575 ria
252 535 381 575 dolere.
434 536 563 588 Ulyssi
581 538 795 590 exprobrat,
834 538 934 590 quod
965 538 1123 578 insidias
1147 549 1291 590 semper

174 623 314 662 rimans
345 625 401 675 (l)
435 625 614 675 juvenem
646 626 855 677 simplicem
892 625 1079 664 nolentem
1103 625 1292 664 edocuerit

174 710 216 748 in
234 710 329 749 mala
347 723 386 750 re
407 712 642 763 prudentiam
665 725 838 753 exercere.
898 712 1105 752 Scelestum
1127 726 1214 752 eum
1233 712 1292 750 di-

176 798 246 845 cit,
284 799 350 849 qui
386 812 489 838 nunc
527 798 619 838 velit
657 799 830 838 vinctum
870 813 910 838 se
945 777 1123 838 abducere
1158 799 1204 837 ab
1249 811 1292 837 eo

174 885 316 933 littore,
353 887 420 925 ubi
452 885 640 936 quondam
676 887 807 925 amicis
834 886 1023 932 orbatum,
1064 885 1293 932 solitarium,

174 974 354 1010 extorrem
375 972 594 1023 exposuerit.
630 951 837 1011 Perniciem
859 972 894 1010 ei
916 972 1139 1023 imprecans,
1167 973 1292 1022 queri-

174 1064 254 1105 tur,
280 1059 381 1108 quod
409 1058 462 1096 dii
483 1058 591 1116 illum
614 1059 750 1109 spirare
772 1062 810 1097 et
835 1058 919 1097 luce
940 1059 1015 1096 frui
1030 1059 1175 1104 sinant,
1203 1058 1292 1096 dum

175 1145 247 1184 sibi
281 1143 379 1183 nihil
409 1145 485 1183 nisi
521 1144 681 1183 dolorem
720 1148 757 1184 et
793 1144 949 1184 dedecus
976 1145 1190 1197 impertiant
1220 1145 1290 1197 (2).

174 1231 222 1288 Se
247 1231 409 1270 ludibrio
435 1245 513 1270 esse
538 1231 685 1283 Ulyssi,
705 1233 777 1285 >qui
798 1236 921 1271 tamen
942 1245 1006 1284 per
1019 1233 1095 1272 vim
1115 1235 1151 1271 et
1166 1232 1292 1271 dolum

174 1321 258 1373 cogi
283 1320 467 1370 quondam
494 1319 678 1359 debuisset
704 1320 750 1359 ad
771 1297 1008 1360 militandum
1028 1321 1103 1372 (3),
1130 1320 1218 1359 dum
1234 1321 1294 1372 ip-

218 1504 261 1541 (l)
284 1501 335 1533 Cf.
356 1502 448 1541 Ajac.
469 1511 517 1532 vs.
542 1506 576 1539 1,
598 1511 644 1540 sq.
669 1513 676 1530 :

366 1577 430 1614 ’Δεὶ
453 1579 529 1625 μὲν,
555 1577 580 1613 ὦ
601 1583 661 1613 παῖ
684 1580 819 1624 Δαρτίου
833 1604 842 1619 ,
869 1578 1005 1623 δέδορκά
1029 1591 1063 1612 σε

366 1646 475 1690 πεῖράν
500 1641 555 1678 τιν’
581 1645 708 1690 ἐχθρῶν
734 1645 875 1689 ἁρπάσαι
900 1646 1096 1689 θηρώμενον.

175 1747 205 1772 et
224 1751 272 1773 vs.
294 1745 353 1772 369
377 1752 383 1770 :

366 1837 403 1869 ἰὼ
426 1832 525 1869 πάνθ’
549 1834 626 1880 ὁρῶν
639 1859 648 1875 ,
674 1835 820 1867 ἁπάντων
845 1831 872 1867 τ’
897 1835 946 1868 ἀεὶ

366 1905 466 1934 κακῶν
491 1898 643 1945 ὄργανον,
667 1901 770 1933 τέκνον
797 1901 933 1944 Λαρτίου
946 1925 955 1940 ,

367 1964 628 1999 κακοπινέστατόν
653 1961 678 1997 τ’
703 1962 812 2009 ‹Drap-a
836 1967 992 2010 στρατοῦ,

366 2029 385 2068 ἦ
412 2045 472 2065 που
494 2030 592 2066 πολὺν
615 2026 733 2076 γέλω3’
756 2026 803 2076 ὑφ’
827 2029 945 2069 ἡδονῆς
968 2024 1077 2075 Eques!

217 2127 259 2166 (2)
280 2126 349 2157 Hoc
381 2125 505 2166 quidem
531 2124 599 2155 loco
617 2124 672 2155 illa
691 2124 814 2164 querela
833 2133 977 2164 magnam
997 2125 1087 2156 habet
1107 2125 1189 2163 vim,
1217 2126 1291 2165 quia

175 2186 214 2215 ab
233 2185 329 2222 ipsius
352 2184 538 2214 Philoctetae
559 2183 682 2212 arbitrio
702 2183 828 2221 pendet,
859 2187 963 2213 utrum
984 2184 1152 2214 secundum
1173 2193 1289 2216 numen

175 2242 301 2272 deorum
321 2240 424 2270 sanari
444 2244 474 2271 et
492 2239 621 2278 gloriam
641 2239 701 2270 sibi
720 2248 895 2278 comparare
915 2240 990 2271 velit
1014 2250 1121 2272 necne.

216 2298 259 2337 (3)
280 2297 363 2328 Nota
382 2301 428 2327 est
447 2297 566 2327 fallacia
595 2305 614 2326 a
633 2295 797 2327 Palamede
816 2297 958 2334 inventa,
980 2306 1040 2337 qua¹
1053 2299 1104 2329 hic
1117 2298 1290 2330 simulatam

175 2355 295 2394 ulyssis
328 2354 481 2383 insaniam
510 2354 658 2392 coarguit.
699 2353 789 2383 Hanc
817 2363 882 2384 rem
909 2364 928 2384 a
957 2354 1107 2395 Sophocle
1131 2360 1291 2387 tractatam

174 2418 268 2465 fuisse
287 2418 321 2447 in
340 2416 461 2453 fabula,
480 2424 558 2455 quae
573 2416 720 2455 inscripta
730 2420 795 2446 erat
813 2410 984 2454 Ὀδυσσεὺς
1006 2416 1206 2462 μαινόμενος,
1232 2422 1292 2448 tes-

175 2487 279 2513 tantur
308 2481 410 2512 Schol.
437 2480 700 2520 Pindarilsthm.
722 2481 765 2511 V.
788 2484 839 2511 86.
860 2481 1053 2520 Hesychius,
1076 2493 1103 2514 s.
1125 2495 1178 2516 vv.
1200 2481 1294 2526 ἐμπε-

174 2549 252 2591 ρὴς,
285 2543 468 2591 ἦμαλάψριι,
496 2544 658 2588 &putatet
681 2541 799 2588 νὸμοις,
825 2544 981 2588 θριάζειν.
1032 2546 1182 2584 Photius,
1214 2547 1294 2578 Lex.

1122 2627 1148 2659 -4
