1759 3182
780 386 826 421 89

244 482 462 546 palmum,
486 493 588 544 quoa
603 505 702 532 mu
725 494 777 532 sit
797 494 942 545 potitus
965 515 1018 529 -,-
1042 492 1229 546 ambigue
1242 493 1363 545 igitur

242 578 364 620 verbis
390 579 654 633 Neoptolemus
679 594 763 621 eum
771 579 879 632 jubet
887 579 1238 621 bonoesseanimo:
1265 579 1364 620 nulli

242 670 492 720 praeterquam
538 668 612 708 sibi
643 671 681 707 et
711 667 941 708 Philoctetae
961 674 1087 707 arcum
1115 668 1294 708 traditum
1316 669 1365 707 iri

244 756 411 795 affirmat.
463 756 525 795 Ita
564 760 715 808 accepto
753 769 860 803 arcu,
898 755 1166 807 Neoptolemus
1187 769 1209 794 a
1234 755 1365 794 Philo-

244 843 343 882 cteta
375 840 589 881 admonitus
627 840 728 880 Deos
759 843 945 893 precatur,
983 845 1029 883 ut
1065 841 1262 880 secundam
1291 841 1366 880 sibi

242 929 438 982 praebeant
477 929 754 980 navigationem
788 941 853 974 eo,
887 942 963 979 quo
989 928 1057 969 Dii
1076 928 1196 967 velint
1221 929 1368 980 ipsique

242 1017 420 1065 tendant3
446 1029 541 1068 quae
561 1028 690 1055 rursus
713 1015 884 1069 ambigue
910 1015 1011 1056 dicta
1036 1030 1135 1064 esse,
1151 995 1280 1056 cuivis
1303 1029 1367 1068 ap-

243 1106 357 1158 paret.

296 1189 370 1230 Sed
387 1169 465 1242 jam
490 1189 715 1230 Philoctetes
740 1190 862 1230 morbi
883 1192 960 1231 vim
995 1193 1248 1244 ingravescere
1282 1204 1366 1230 sen-

242 1277 310 1326 tit3
336 1278 491 1331 sanguis
510 1291 557 1317 ex
572 1278 650 1317 imo
671 1276 763 1330 pede
788 1278 1012 1330 prorumpit3
1039 1277 1131 1317 hinc
1151 1278 1287 1317 iterum
1296 1278 1367 1318 ite-

242 1377 397 1416 rumque
434 1364 636 1417 gemitibus
668 1347 795 1403 omnia'
818 1365 967 1412 miscet3
1005 1366 1229 1417 imprecatur
1253 1365 1369 1416 Ulys-

244 1453 278 1492 si
307 1452 385 1504 (l),
411 1454 457 1491 ut
482 1452 616 1492 similis
632 1451 737 1492 dolor
748 1455 878 1504 pectus
891 1452 971 1504 ejus
984 1452 1185 1504 perfodiat3
1212 1456 1367 1492 mortem

245 1540 403 1592 denique
428 1540 595 1587 invocat,
622 1552 776 1591 querens
802 1552 898 1587 eam,
924 1540 1093 1591 quamvis
1119 1540 1288 1591 quotidie
1300 1554 1367 1580 vo-

243 1633 380 1677 catam,
417 1629 586 1669 nondum
614 1627 755 1676 adesse3
781 1627 930 1668 tandem
951 1628 1246 1680 Neoptolemum·
1259 1628 1368 1680 jubet

246 1726 305 1757 se*
323 1717 482 1757 flammis
519 1714 746 1762 comburere,
786 1716 1096 1766 cunctantemque
1134 1715 1368 1762 sciscitatur,

246 1804 339 1856 quid
360 1803 507 1843 taceat?
535 1802 627 1853 quid
648 1801 848 1840 moliatur?

296 1892 432 1932 Brevoe
457 1889 527 1930 hae
548 1891 585 1928 et
611 1888 787 1941 abruptae
808 1886 1092 1927 exclamationes
1106 1889 1253 1940 egregie
1265 1901 1366 1927 com-

245 1980 387 2033 positae
412 1980 520 2025 sunt,
545 1979 590 2016 ut
616 1974 826 2021 vehemens,
851 1987 926 2025 quo
944 1973 1009 2012 ille
1021 1974 1230 2022 cruciatur,
1260 1974 1366 2014 dolor

256 2172 259 2175 ,
286 2139 332 2179 (1)
351 2138 426 2170 Non
455 2138 524 2168 sine
556 2135 696 2167 convicio
725 2134 853 2174 mysses
881 2133 934 2164 hic
966 2136 997 2163 et
1015 2141 1064 2163 vs.
1092 2134 1170 2171 264,
1205 2131 1366 2171 Cepheum

244 2196 356 2226 dicitur
375 2206 395 2226 a
414 2195 604 2232 Philoctetam
628 2191 821 2232 Cephallenes
840 2190 924 2221 enim
943 2189 1167 2229 antiquissimis
1176 2189 1367 2228 temporibus

244 2251 422 2282 dicebantur
449 2260 556 2294 omnes
567 2272 575 2288 ,
607 2250 660 2289 qui
686 2249 804 2279 insulas
823 2247 918 2278 maris
934 2247 1024 2278 Jonii
1041 2255 1061 2277 e
1078 2246 1205 2285 regione
1224 2245 1367 2276 Acarna-

243 2310 314 2341 niae
344 2313 375 2340 et
403 2309 503 2339 Elidis
532 2307 722 2344 incolebant,
751 2314 881 2346 quarum
910 2304 1050 2335 maxima
1070 2302 1179 2334 Samos
1199 2303 1366 2342 posteriore
1406 2328 1411 2331 ,

244 2367 369 2397 demum
389 2370 487 2396 aetate
508 2364 709 2405 Cephallenia
727 2367 835 2395 vocata
854 2366 912 2394 est.
953 2362 998 2392 Hi
1016 2361 1124 2401 populi
1143 2365 1246 2391 autem
1257 2370 1366 2391 omnes

244 2427 432 2455 mercaturae
464 2422 635 2464 maximam
668 2421 781 2452 dabant
812 2428 954 2459 operam,
985 2427 1064 2457 quae
1093 2418 1263 2456 antiquitus
1293 2427 1365 2447 cum

244 2481 371 2522 piratica
401 2489 521 2519 semper
548 2479 716 2519 conjuncta
740 2481 817 2510 erat.
869 2475 1022 2508 Odiosum
1042 2475 1137 2514 igitur
1157 2473 1365 2514 Cephallenes,

243 2543 350 2579 utpote
365 2537 510 2578 piratae,
534 2545 705 2576 cognomen
727 2535 835 2575 ulyssi
851 2534 1051 2565 aPhiloeteta
1063 2533 1182 2574 ‹iatum-
1204 2531 1255 2563 Cf.
1277 2532 1368 2563 Butt—

246 2605 353 2626 mann.
374 2596 412 2625 ad
433 2595 466 2624 h.
486 2594 511 2624 l.
