1759 3182
925 410 969 443 36

420 512 498 552 'Ab
524 511 636 552 altera
657 514 780 551 tamen
806 516 910 565 parte
945 515 1043 556 recte
1080 514 1337 561 contenditur,
1356 512 1504 553 μ1ῑ’111κ>-

383 602 516 638 ctetam
539 600 595 639 sic
616 600 791 651 proponi,
817 602 861 638 ut
886 600 952 650 qui
976 598 1138 639 dolorem
1160 601 1504 653 suum‘comprimat

380 699 498 736 neque
516 687 550 725 ei
562 686 766 739 indulgeat.
795 686 996 730 Quaeritur
1008 687 1144 739 igitur,
1170 690 1298 726 utrum
1311 689 1417 739 poeta
1443 687 1504 725 in-

333 751 338 758 l
379 775 535 813 formare
566 787 652 814 eum
680 774 841 815 voluerit
865 777 909 814 ut
935 775 1084 814 virum
1109 787 1336 826 magnum,
1367 787 1503 827 magno

378 862 503 902 animo
530 862 713 902 maximas
740 862 960 902 tolerantem
986 862 1170 909 miserias,
1193 874 1287 912 quae
1307 860 1504 901 Winckel-

375 949 505 987 manni
533 951 589 987 est
616 950 816 997 sententia,
838 950 913 997 vel,
952 952 995 988 ut
1031 937 1197 988 Herdero
1223 949 1328 988 illius
1355 950 1502 1001 opinio-

374 1050 461 1075 nem
485 1036 731 1089 amplificanti
758 1040 795 1077 et
829 1037 998 1089 paullum
1026 1038 1248 1078 immutanti
1274 1038 1400 1077 visum
1427 1040 1500 1085 est,

374 1127 419 1164 ut
445 1124 638 1174 heroem,
673 1125 816 1165 dolores
842 1125 980 1177 quibus
1017 1126 1196 1179 affligitur
1210 1126 1501 1178 reprimentem,

372 1226 436 1260 an,
477 1226 573 1263 quae
611 1213 803 1265 Lessingii
840 1214 1024 1252 sententia
1057 1217 1129 1261 est,
1169 1217 1347 1264 tanquam
1374 1215 1500 1253 virum

369 1300 653 1340 robustissimae
692 1301 842 1352 quidem
882 1301 1129 1348 constantiae,
1156 1301 1223 1351 qui
1252 1301 1294 1339 in
1325 1300 1498 1340 maximis

368 1388 478 1427 malis
515 1388 633 1427 animi
669 1387 911 1426 altitudinem
951 1401 1028 1426 non
1067 1388 1234 1434 amittat,
1274 1401 1343 1426 nec
1370 1391 1496 1427 tamen

366 1476 558 1515 erubescat
598 1478 643 1515 ut
683 1475 797 1515 homo
832 1474 998 1526 querelas
1053 1475 1255 1523 effundere,
1304 1475 1498 1515 dissimilis

365 1563 436 1603 hac
470 1563 513 1602 in
552 1576 592 1603 re
631 1562 791 1603 Herculi
813 1563 856 1602 in
889 1561 1121 1627 Trachiniis,
1153 1576 1189 1603 v.
1217 1564 1498 1612 1049—1054,

366 1652 508 1691 dicenti
538 1665 546 1689 :

417 1781 541 1819 Heu!
571 1780 795 1832 virginali
818 1792 938 1818 more
959 1779 1187 1830 ploratum
1211 1778 1357 1826 edere,

416 1867 563 1912 Quem
577 1867 699 1908 vidit
718 1880 844 1907 nemo
857 1866 1349 1920 ulloingemiscentem
1362 1865 1491 1905 malo!

415 1955 492 1994 Sic
514 1955 735 1994 seminata
762 1954 913 1993 virtus
941 1953 1121 1992 afflicto
1148 1952 1322 1991 occidit
1351 1953 1421 2004 (1).

417 2096 603 2135 Omnibus
631 2095 837 2147 perpensis,
864 2094 1013 2134 videtur
1034 2094 1143 2134 nobis
1170 2093 1395 2133 Philoctetes
1417 2108 1494 2133 non

358 2185 521 2238 proponi
540 2186 721 2235 tanquam
743 2182 975 2235 exemplum,
1002 2181 1190 2233 quomodo
1213 2182 1375 2233 corporis
1390 2181 1494 2221 dolor

359 2274 414 2311 sit
449 2272 666 2311 tolerandus
694 2284 703 2309 :
730 2272 927 2322 reprimere
951 2270 1104 2321 quidem
1127 2272 1284 2308 conatur
1311 2269 1494 2316 dolorem,

363 2362 402 2399 at
442 2361 633 2411 propterea
658 2361 827 2406 tantum,
866 2358 956 2410 quia
979 2360 1126 2397 veretur
1151 2371 1218 2405 ne,
1240 2356 1273 2396 si
1298 2355 1492 2409 indulgeat

361 2446 413 2494 ei,
440 2446 543 2498 quod
570 2445 660 2485 alias
682 2446 800 2485 facere
822 2445 979 2493 solebat,
1004 2444 1185 2485 molestus
1207 2446 1245 2484 et
1273 2443 1426 2483 odiosus
1440 2442 1491 2482 sit

403 2635 447 2673 (1)
469 2634 536 2666 cic.
559 2635 686 2675 Quaest-
709 2637 804 2669 Tusc-
826 2637 872 2668 11.
895 2640 926 2667 8.
