1759 3182
964 386 1008 418 98

428 498 557 538 Trach.
607 499 681 535 641
713 511 720 533 ι
775 494 943 534 τάλαιναν
981 493 1201 535 δυστάλαινα
1253 492 1405 549 καρδίαν
1453 495 1545 546 παίγ-

425 590 567 634 κλαυτος
607 587 679 627 αι’ὲν
728 585 861 626 ὤλλυτο
874 617 887 638 ,
934 587 1001 626 ubi
1030 600 1050 626 a
1076 587 1122 626 G.
1151 586 1351 626 Dindorfio
1383 585 1549 626 τάλαιναν

425 677 644 715 resizitutum
668 677 734 713 est.

478 836 526 874 V.
554 839 642 875 309.
696 836 816 876 σῶσαί
840 832 877 889 μ’
911 836 944 881 ἐς
975 836 1098 881 οἴκους.
1163 835 1366 875 Notandus
1402 836 1552 874 videtur

425 927 488 966 hic
514 941 606 967 usus
635 928 738 968 verbi
765 930 908 976 σώζειν,
938 943 1014 981 quo
1036 930 1215 987 jungitur
1247 942 1334 968 cum
1364 928 1550 980 praeposi-

425 1031 545 1077 tione,
570 1034 714 1070 motum
749 1033 790 1070 in
827 1032 953 1072 locum
976 1033 1161 1083 quendam
1183 1033 1428 1085 significante.
1483 1032 1551 1070 So-

423 1118 484 1157 lus
529 1117 609 1166 hio,
654 1119 757 1169 quod
792 1120 923 1166 sciam,
958 1120 1000 1158 in
1037 1118 1218 1171 Sophocle
1243 1119 1349 1158 loeus
1376 1121 1449 1166 est,
1484 1118 1551 1157 ubi

422 1211 548 1258 σώζειν
561 1212 616 1250 ita
625 1213 836 1263 usurpetur.
864 1210 988 1250 Simili
998 1211 1107 1251 modo
1120 1213 1226 1265 Ajac.
1242 1215 1340 1252 641:
1367 1207 1446 1251 ἀλλ’
1465 1211 1548 1252 αὐτὸ

422 1302 485 1351 νὺξ
513 1298 643 1348 Ἀιδης
673 1318 710 1343 τε
730 1304 911 1351 σωζόντων
926 1306 1036 1343 κάτω.
1065 1307 1103 1343 et
1124 1303 1260 1344 Electr.
1284 1306 1361 1343 431
1378 1320 1385 1344 :
1400 1301 1549 1358 κειμήλι’

422 1396 509 1448 αὐτῇ
540 1398 650 1435 ταῦτα
678 1396 851 1442 σωζέσὲω
882 1400 992 1435 κάτω.
1047 1396 1171 1435 Rarus
1198 1377 1347 1447 quoque
1371 1396 1434 1435 hio
1460 1410 1552 1435 usus

425 1482 524 1534 apud
547 1481 792 1533 Aeschylum,
822 1496 878 1521 ex.
905 1495 960 1535 gr.
1013 1481 1114 1521 Pers.
1143 1483 1230 1522 737.
1260 1482 1331 1534 (ed.
1357 1479 1551 1534 Ahrens.):

423 1574 482 1613 καὶ
527 1574 611 1629 πρὸς
650 1578 791 1628 ἤπειρον
832 1575 1035 1613 σεσῶσθαι·
1059 1571 1185 1625 τήνδε,
1228 1569 1315 1613 τοῦτ’
1365 1574 1529 1627 ἐτήτυμον
1536 1590 1549 1624 3

421 1661 483 1701 Ex
517 1660 700 1713 Euripide
733 1659 864 1700 nullus
898 1660 1005 1699 locus
1040 1659 1133 1700 mihi
1160 1661 1344 1713 cognitus.
1398 1661 1551 1713 Saepius

425 1748 612 1786 Homerus
640 1749 694 1786 ita
719 1748 871 1786 locutus
898 1750 970 1795 est3
995 1762 1051 1787 ex.
1073 1761 1128 1800 gr.
1181 1747 1229 1786 Π.
1243 1747 1291 1786 V.
1307 1748 1550 1797 2243XVH.

426 1837 520 1882 6923
549 1834 621 1872 Od.
645 1833 692 1872 V.
722 1837 811 1874 452.
865 1834 997 1886 Longe
1021 1837 1144 1873 tamen
1166 1835 1399 1886 frequentius
1423 1836 1477 1874 ita
1498 1835 1551 1875 le-

423 1923 529 1975 gitur
568 1920 667 1973 apud
707 1934 834 1972 prosae
870 1921 1048 1959 orationis
1085 1921 1298 1973 scriptores,
1333 1936 1362 1961 e.
1393 1936 1424 1962 c.
1452 1923 1549 1974 apud

426 2008 565 2046 Herod.
588 2007 659 2045 IV.
685 2009 752 2054 773
780 2006 876 2045 Xen.
899 2007 1018 2045 Anah.
1045 2006 1116 2045 VI.
1132 2010 1167 2045 2.
1182 2010 1223 2055 83
1238 2007 1308 2046 VI.
1324 2010 1358 2047 3.
1373 2011 1440 2057 2ος
1464 2008 1549 2060 Cyr.

425 2097 473 2135 V.
498 2100 534 2135 4.
564 2098 624 2134 16.
662 2094 792 2145 Polyb.
816 2095 894 2133 III.
924 2096 1012 2133 117.
1038 2098 1074 2133 2.

479 2239 527 2277 V.
556 2241 644 2277 313.
699 2237 749 2284 οἷς
777 2235 969 2292 Ὀλύμπιοι
1001 2241 1084 2278 &eoi
1111 2238 1205 2279 δοῖεν
1236 2238 1310 2279 ποτ’
1349 2241 1462 2286 αὐτοῖς
1478 2243 1548 2280 ἀι-

428 2327 549 2373 τίποιν’
581 2331 663 2385 ἐμοῦ
695 2333 840 2373 παθεῖν.

419 2421 423 2424 ’
479 2418 669 2457 Porsonus
704 2420 746 2457 in
781 2419 1013 2458 Adversariis
1049 2434 1083 2472 p.
1114 2401 1201 2460 199.
1231 2421 1388 2462 duorum
1414 2437 1549 2475 prono-

419 2500 572 2551 ·minum
604 2511 868 2562 conjunctione
894 2510 944 2556 οἷς
971 2517 1008 2551 et
1034 2513 1147 2558 αὐτοῖς
1174 2515 1353 2562 offensus,
1380 2511 1427 2553 οἷ’
1457 2516 1549 2553 scri-

429 2597 590 2636 bendum
626 2597 798 2649 putabat,
834 2598 936 2649 quod
972 2613 1048 2639 non
1075 2614 1169 2652 opus
1195 2604 1261 2641 est.
1317 2601 1547 2651 Hermanno,
