1759 3182
900 442 946 475 34

361 536 584 598 prostratus,
624 557 700 583 non
729 543 911 585 exclamat
943 558 1048 593 sane,
1098 547 1162 586 sed
1198 548 1267 599 qui
1302 547 1342 586 id
1367 547 1483 587 facere

357 629 566 684 potuisset?
594 632 716 670 anima
742 633 911 683 viresque
932 645 1016 671 eum
1043 633 1244 681 deficiunt,
1264 637 1309 673 ut
1330 637 1434 687 patet
1459 648 1479 673 e

357 732 467 759 versu
497 721 599 758 436:

445 863 464 901 ὁ
493 858 723 916 δ’ἀμπνῦνθη
760 863 819 903 καὶ
847 861 1040 918 ἀνέδρακεν
1070 862 1321 917 ὀφθαλμοῖσιν.

354 1001 511 1039 eumque
538 987 670 1044 βαρέα
695 991 912 1043 στενάχοντα
941 990 991 1042 (v.
1025 989 1118 1041 432)
1149 988 1257 1028 amici
1286 990 1477 1040 asportant

353 1075 402 1113 ad
427 1075 574 1115 Xanthi
597 1077 712 1128 ripas,
739 1077 805 1116 ubi
833 1090 926 1127 aqua
952 1089 1169 1128 conspersus
1195 1076 1322 1115 oculos
1343 1077 1478 1129 aperit,

352 1162 416 1201 sed
444 1164 572 1202 statim
599 1164 817 1216 sanguinem
843 1177 1013 1203 evomens
1032 1165 1074 1202 in
1100 1163 1253 1203 hummn
1280 1164 1423 1204 recidit.

402 1250 529 1289 Multa
554 1264 662 1302 porro
685 1251 892 1290 luculenter
912 1250 1078 1303 disputat
1092 1251 1150 1290 vir
1164 1251 1420 1300 acutissimus,
1433 1254 1478 1290 ut

351 1336 576 1376 Graecorum
598 1351 676 1377 non
696 1339 888 1390 proprium
914 1338 1029 1377 fuisse
1052 1337 1245 1377 clamorem
1260 1338 1306 1377 ad
1336 1338 1478 1378 dolores

349 1425 513 1476 corporis
552 1425 809 1477 exprimendos
837 1425 1026 1473 ostendat,
1071 1425 1171 1463 sicut
1205 1425 1348 1464 dixerat
1385 1427 1478 1465 Les-

347 1512 513 1565 singius,
540 1485 661 1563 vquem
701 1511 771 1551 hac
797 1513 839 1551 in
862 1525 900 1552 re
927 1512 1031 1564 justo
1057 1511 1209 1566 lougius
1241 1513 1477 1565 processisse,

349 1598 519 1639 Herdero
569 1598 849 1651 adstipulamur.
912 1599 991 1638 Hic
1038 1602 1162 1639 tamen
1198 1600 1239 1639 in
1280 1612 1322 1638 eo
1361 1599 1476 1639 falsus

348 1689 422 1734 est,
454 1686 557 1737 quod
582 1687 773 1739 Lessingii
801 1687 1020 1726 sententiam
1046 1699 1123 1725 non
1142 1686 1244 1737 juste
1280 1689 1336 1726 est
1360 1688 1476 1728 inter-

348 1776 535 1825 pretatus,
566 1774 679 1813 talem
714 1775 756 1813 in
795 1774 945 1813 modum
973 1773 1161 1826 explicans
1182 1788 1190 1813 ε
1213 1774 1255 1813 in
1282 1773 1476 1827 Sophoclis

347 1860 560 1900 Philocteta
610 1861 802 1900 clamore
849 1861 1061 1913 praesertim
1102 1861 1264 1899 dolorem
1302 1863 1476 1913 exprimi;

349 1949 544 1988 clamorem
571 1949 690 2001 igitur
716 1963 794 1988 esse
818 1950 1081 2000 primarium
1095 1949 1401 2000 adjumentum
1429 1949 1476 1988 ad

348 2036 550 2077 movendos
560 2039 809 2089 spectatorum
820 2035 973 2084 animos3
981 2034 1081 2087 quod
1089 2035 1123 2074 si
1132 2035 1187 2074 ita
1196 2035 1258 2083 sit,
1272 2047 1293 2073 c
1300 2037 1476 2087 orporei

350 2124 524 2163 doloris
540 2125 781 2176 imaginem
800 2137 877 2163 esse
896 2124 1186 2175 praecipuum
1205 2120 1317 2174 hujus
1334 2122 1475 2162 drama-

347 2212 399 2251 tis
423 2214 736 2265 argumentum
759 2210 846 2264 (die
866 2209 1153 2264 Hauptidee).
1180 2210 1234 2250 At
1253 2210 1473 2264 Lessing-ius

346 2302 496 2340 tantum
514 2299 749 2340 memorabile
771 2313 849 2339 esse
863 2300 1023 2347 dixerat,
1050 2298 1151 2351 quod
1163 2299 1204 2338 in
1218 2299 1363 2351 paucis,
1381 2312 1475 2350 quae

346 2387 457 2427 nobis
477 2390 640 2428 servatae
666 2390 774 2436 sunt,
806 2387 1008 2441 tragoediis
1038 2386 1131 2425 duae
1148 2390 1312 2434 exstant,
1333 2387 1376 2425 in
1389 2386 1474 2436 qm·-

346 2475 417 2515 bus
454 2476 618 2528 corporis
660 2475 802 2514 dolores
838 2488 927 2513 non
953 2473 1181 2513 minimam
1205 2473 1475 2512 contineant

346 2565 517 2615 partem
552 2563 780 2611 laborum,
819 2561 986 2614 quibus
1013 2560 1227 2614 primaria
1254 2558 1471 2599 dramatis

346 2663 536 2702 persona
563 2650 879 2690 conflictatur.
