1759 3182
967 343 987 376 8

400 447 568 497 agentem
608 445 735 496 fingit,
775 445 885 484 talem
925 448 1039 485 artem
1071 448 1105 485 ei
1131 447 1249 486 tribui
1276 460 1390 499 posse.
1418 447 1522 486 Nus-

387 533 508 583 vquam
529 532 608 582 ejus
631 510 954 571 astutiafcernitur
979 533 1021 571 in
1042 534 1212 583 reqendie
1231 534 1402 586 populis,
1437 534 1522 585 qui·

397 619 466 658 bus
491 620 643 669 praeest.
697 617 895 669 Nusquam
923 617 981 657 vel
1007 621 1233 671 praesentem
1259 620 1319 660 vel
1353 621 1533 662 futurum·

394 703 616 759 populorum
655 706 863 744 statumet
894 704 1146 744 conditionem
1173 705 1305 759 dirigit
1335 708 1382 746 ad
1413 721 1522 747 suum

392 793 530 831 nutum
557 790 616 831 vel
641 794 774 831 mutat.
815 791 903 842 ‘mo
938 806 1024 832 vero
1051 792 1214 840 saeculo,
1239 806 1314 844 quo
1340 794 1420 845 ipse
1440 794 1523 833 Rex

394 878 613 919 Ludovicus
652 878 754 918 XIV
789 878 963 931 perfidiae
1001 879 1164 919 subditis
1199 879 1278 919 suis
1316 878 1521 931 exemplum

393 969 488 1014 erat,
516 969 604 1006 ante
629 979 739 1017 quem
768 967 847 1018 jam
886 965 1083 1006 Richelieu
1118 970 1155 1006 et
1190 967 1405 1006 Mazarinus
1439 980 1522 1019 per·-

392 1054 573 1093 niciosam
608 1053 712 1093 illam
748 1057 865 1093 artem
892 1054 945 1105 (Ze
964 1055 1087 1104 grand
1107 1058 1168 1093 art
1191 1056 1256 1094 dee
1271 1055 1439 1107 princes,
1479 1057 1523 1093 ut

393 1141 553 1195 appellat
587 1141 771 1194 Brumoy)
810 1140 857 1180 ad
879 1141 1140 1193 perfectionem
1163 1141 1410 1190 adduxerant,
1436 1141 1522 1181 tali-

392 1229 480 1276 bus,
507 1229 678 1279 inquam,
718 1228 947 1280 temporibus
974 1228 1083 1267 facile
1105 1229 1189 1279 quis
1216 1228 1345 1268 falsam
1367 1230 1522 1281 speciem
1561 1265 1563 1268 .

393 1328 461 1367 pro
502 1328 602 1355 vera>
634 1316 775 1355 virtute
824 1314 996 1367 amplecti
1052 1315 1188 1366 potuit.
1256 1315 1338 1354 Nec
1386 1316 1522 1355 mirum

392 1403 575 1455 profecto,
616 1402 797 1453 siquidem
835 1404 964 1441 nostra
1002 1402 1114 1441 etiam
1155 1404 1274 1441 aetate
1308 1402 1522 1453 Talleyran-

392 1489 476 1536 dos,
503 1488 807 1536 Metternichios,
833 1488 1108 1527 Palmerstonos
1136 1488 1290 1527 summis
1307 1488 1483 1529 laudibus
1501 1503 1522 1528 a

389 1575 521 1615 multis
550 1574 673 1614 ornari
714 1574 895 1615 videmus.
949 1575 1003 1613 At
1029 1588 1106 1613 non
1134 1574 1288 1615 debebat
1310 1576 1386 1623 vir,
1422 1577 1521 1615 anti-

389 1677 547 1716 quarum
573 1662 782 1703 litterarum
809 1675 922 1703 succo
945 1663 1131 1711 nutritus,
1164 1662 1415 1715 praejudicata
1441 1664 1521 1716 opi—

387 1751 501 1790 nione
546 1749 665 1802 abripi
707 1763 746 1789 se
781 1750 871 1802 pati.
938 1750 1158 1789 Recentiore
1196 1753 1320 1790 tamen
1359 1753 1522 1803 tempore
1590 1744 1594 1750 ’

387 1838 642 1878 Bernhardius
668 1838 726 1889 (1)
752 1838 974 1876 sententiam
996 1837 1099 1875 illam
1125 1850 1145 1875 e
1170 1837 1349 1884 tenebris,
1375 1838 1417 1875 in
1435 1838 1520 1887 qui-

386 1925 458 1965 bus
479 1924 644 1977 jacebat,
670 1924 770 1964 eruit
791 1927 829 1963 et
852 1907 1137 1963 commendavit.
1165 1922 1243 1962 Hic
1266 1923 1365 1962 enim
1378 1926 1520 1971 censet,

386 2012 520 2064 Ulyssi
533 2013 575 2051 in
584 2014 667 2051 toto
690 2010 923 2050 Philoctetae
950 2009 1112 2049 dramate
1125 2023 1203 2049 eam
1215 2009 1333 2049 tribui
1346 2009 1520 2056 indolem,

386 2115 499 2154 quam
517 2102 558 2141 in
580 2101 700 2154 prima
726 2112 836 2139 scena
862 2097 1008 2138 fabulae
1032 2097 1160 2150 Ajacis
1178 2097 1418 2145 ostendisset,
1445 2097 1517 2137 viri

386 2194 566 2237 πολιτικοῦ
589 2194 667 2246 (die
693 2194 758 2232 dee
785 2193 1093 2244 Staatsmannes).

440 2282 644 2322 Videamus
666 2282 804 2334 igitur,
831 2279 975 2331 qualem
989 2280 1030 2318 in
1044 2292 1086 2320 ea
1099 2291 1209 2318 scena
1231 2291 1270 2316 se
1287 2279 1391 2330 gerat
1400 2276 1516 2327 Ulys-

428 2488 471 2526 (1)
492 2487 594 2518 Ueber
619 2488 679 2518 den
706 2487 858 2518 Philoctet
883 2488 937 2518 des
962 2487 1139 2527 Sophocles.
1181 2485 1253 2517 Von
1281 2485 1320 2517 F.
1346 2484 1390 2515 A.
1417 2483 1515 2514 Bern—

385 2545 484 2575 hardi.
507 2547 525 2574 2
547 2544 634 2576 Aufl.
654 2544 761 2576 Berlin
785 2547 872 2575 1825.
