1759 3182
704 363 778 403 103

684 478 807 519 XIII.

240 602 389 643 Mutata
415 619 437 644 a
464 605 655 645 Clisthene
681 604 797 659 φυλῶν
823 605 1022 659 descriptio
1045 610 1084 645 et
1115 615 1298 645 numerus

186 688 393 742 plurimum
428 692 629 733 valuerunt
662 692 709 733 ad
745 692 1008 734 democratiam
1043 691 1205 733 Athenis
1231 705 1301 731 au-

187 777 358 830 gendam.

684 897 804 941 XIV.

236 1003 407 1044 Platonis
445 1004 686 1043 Phaedonem
733 1017 810 1042 non
855 1004 961 1043 brevi
1008 1010 1093 1056 post
1133 1003 1299 1043 Socratis

188 1097 346 1131 mortem
384 1098 571 1144 tempore,
599 1090 664 1131 sed
692 1098 775 1144 post
800 1091 1017 1132 confectum
1040 1090 1194 1132 demum
1226 1092 1298 1132 iter

186 1178 224 1217 in
253 1178 400 1218 Italiam
427 1178 474 1218 ab
500 1179 580 1232 ipso
614 1179 869 1231 conscriptum
896 1193 975 1219 esse
1001 1180 1195 1232 probabile
1233 1187 1302 1220 est.

697 1300 796 1341 XV.

241 1404 355 1453 Quod
380 1404 607 1443 Plutarchus
633 1403 679 1442 de
696 1403 1002 1443 Lacedaemoniis
1017 1404 1108 1443 dicit
1128 1404 1208 1445 Vit.
1220 1404 1304 1458 Ly-

189 1500 307 1552 curgi,
333 1513 364 1538 6.
394 1499 444 1538 30
475 1512 481 1535 :
510 1498 555 1542 ὡς
586 1498 766 1551 ἄρχεσθαι
797 1496 859 1550 μὲν
889 1491 1046 1551 ᾔδεσαν,
1063 1500 1188 1552 ἄρχειν
1206 1493 1305 1538 δὀὐκ

189 1593 374 1634 ἠπίσταντο
386 1623 399 1643 ,
432 1592 504 1632 1106
525 1607 656 1632 eorum
675 1594 827 1632 historia
849 1599 934 1646 post
958 1592 1102 1632 bellum
1115 1592 1305 1645 Pelopon-

190 1680 399 1726 nesiacum,
429 1693 546 1732 quum
561 1678 743 1718 Graeciae
766 1680 1016 1731 principatum
1029 1678 1154 1731 adepti
1167 1685 1303 1726 essent,

192 1766 456 1819 comprobavit.

687 1887 806 1929 XVI.

244 2010 412 2050 Fallitur
434 2010 667 2062 =Perizonius
700 2008 925 2049 Animadvv.
961 2009 1047 2049 hist.
1075 2023 1107 2049 6.
1133 2009 1237 2057 VII,
1267 2026 1302 2063 p.

195 2098 271 2136 236
292 2111 394 2150 seqq.
416 2098 535 2148 spolia
559 2100 680 2148 opima
698 2110 774 2135 non
802 2096 913 2136 modo
939 2110 981 2135 ea
1013 2097 1127 2136 fuisse
1151 2104 1308 2137 conten-

194 2182 302 2231 dens,
330 2197 427 2236 quae
454 2182 533 2223 dux
551 2182 747 2224 Romanus
772 2182 817 2222 de
843 2182 938 2223 duce
958 2182 1121 2224 hostium
1145 2186 1307 2238 recepis-

194 2277 266 2318 set,
294 2269 359 2310 sed
392 2272 503 2310 etiam
532 2284 627 2324 quae
658 2270 765 2311 miles
787 2272 1000 2324 gregarius,
1029 2271 1234 2312 dummodo
1258 2273 1304 2313 de

196 2358 289 2397 duce
313 2358 454 2404 hostili,
483 2364 715 2409 reportasset.

681 2476 822 2516 XVII.

248 2582 498 2623 Probabiliter
533 2579 584 2621 G.
623 2579 674 2620 A.
715 2580 908 2620 Beckerus
934 2582 1140 2631 contendit,
1169 2584 1269 2637 quod
1289 2600 1311 2624 a
