1759 3182
751 355 795 389 63

211 433 363 500 natione
388 461 596 498 commotus
628 460 821 512 resipiscit.
868 460 939 500 Per
963 462 1086 500 totum
1113 459 1262 511 Ulyssis
1289 461 1326 498 et

211 545 441 585 Philoctetae
476 546 700 596 colloquium
739 547 857 586 altum
896 548 974 598 ipse
1013 547 1172 586 servavit
1212 546 1325 585 silen-

211 634 327 681 tium;
354 633 505 673 interim
533 647 618 672 eum
651 634 774 672 animo
792 633 991 673 meditatus
1013 636 1086 681 est,
1112 648 1185 685 qua
1210 635 1325 673 ratio-

211 733 260 759 ne
294 722 418 772 posset
456 722 493 759 et
529 719 674 772 culpam
714 720 859 771 expiare
889 722 927 758 et
953 719 1066 758 simul
1097 719 1326 759 Philoctetae

212 808 439 847 obstinatum
466 807 664 845 consilium
691 807 848 844 vincere.
874 806 998 844 Unam
1020 809 1167 845 tantum
1181 821 1326 846 succes-

213 909 276 934 sus
298 895 395 934 viam
417 907 495 933 esse
512 893 710 945 iutelligit,
736 893 915 932 veritatis.
967 893 1100 943 Itaque
1124 906 1327 945 regressus,

213 981 398 1032 intrepido
425 980 563 1026 animo,
597 978 713 1017 nullis
741 992 921 1017 concusso
946 980 1078 1026 minis,
1104 982 1141 1018 et
1181 993 1328 1019 summo

214 1068 372 1107 candore
391 1070 517 1125 narrat
539 1067 679 1113 omnia,
705 1080 797 1117 quae
820 1080 946 1106 ansam
965 1067 1037 1106 sibi
1052 1067 1259 1115 dedissent,
1285 1072 1330 1107 ut

215 1167 300 1193 cum
322 1153 458 1205 Ulysse
482 1154 525 1192 in
550 1153 734 1194 Lemnum
760 1154 1060 1206 proficisceretur.
1088 1154 1192 1194 Haec
1204 1168 1330 1194 narra·

214 1242 270 1281 tio
292 1242 460 1295 generosi
476 1242 625 1294 juvenis
639 1255 659 1282 e
671 1245 816 1294 pectore
827 1243 1006 1295 profecta,
1032 1255 1149 1293 quum
1164 1243 1330 1282 veritatis

213 1334 342 1370 notam
366 1344 451 1381 prae
473 1344 511 1369 se
535 1331 644 1376 ferat,
669 1329 842 1377 eloquens
869 1330 920 1368 sit
941 1342 1088 1368 neeesse
1105 1333 1171 1369 est.
1197 1331 1331 1381 Itaque

214 1418 257 1456 in
289 1417 358 1456 hac
389 1416 626 1468 Neoptolemi
657 1416 821 1454 oratione
850 1414 1064 1466 reprehendi
1098 1429 1174 1454 non
1211 1419 1333 1467 potest

214 1508 316 1560 quod
349 1508 522 1561 Euripidi
557 1507 651 1547 vitio
678 1507 851 1553 vertitur,
878 1506 985 1558 cujus
1010 1505 1194 1559 longiores
1221 1521 1332 1561 μονο-

215 1601 330 1656 >mysac
354 1601 466 1640 nimis
486 1613 590 1651 saepe
612 1601 727 1638 artem
750 1599 900 1650 sapiunt
922 1597 1152 1638 rhetoricam.

252 1687 475 1727 Audiamus
500 1687 596 1738 jam,
636 1699 728 1736 quae
752 1687 905 1737 reponat
930 1684 1148 1725 Philocteta.
1202 1685 1335 1725 Detoe-

215 1777 318 1814 tatur
348 1775 447 1813 vitae
486 1775 640 1819 sortem,
680 1786 772 1823 quae
806 1773 931 1824 ipsum
968 1773 1010 1811 in
1045 1774 1152 1811 terris
1178 1774 1336 1813 retineat

214 1877 333 1914 neque
350 1862 474 1915 potius
496 1861 575 1913 jam
601 1859 743 1912 pridem
769 1860 811 1898 in
837 1872 966 1898 orcum
990 1859 1189 1899 demiserit.
1230 1860 1335 1903 Quid

216 1955 341 1991 autem
367 1950 499 1997 faciat,
538 1949 672 1988 dubius
695 1950 751 1986 est
771 1961 778 1985 :
814 1946 924 1985 fidem
950 1949 1060 1998 neget
1086 1946 1207 1986 verbis
1230 1947 1332 1985 Neo-

216 2038 387 2092 ptolemi,
413 2037 478 2089 qui
505 2035 702 2076 benevolus
716 2035 750 2074 ei
765 2034 1004 2074 consiliorum
1018 2036 1147 2073 auctor
1159 2034 1331 2073 exstitit?
1356 2031 1360 2035 ’

216 2142 263 2167 an
295 2127 401 2166 cedat
439 2127 518 2178 ejus
557 2123 768 2165 voluntati?
796 2121 981 2174 quomodo
1016 2134 1124 2173 porro
1147 2122 1188 2159 in
1211 2120 1333 2160 homi-

215 2228 308 2255 num
343 2214 477 2261 lucem,
500 2211 688 2265 prodibit?
726 2209 909 2261 quomodo
940 2208 1039 2248 oculi
1075 2208 1149 2255 sui,
1185 2209 1251 2259 qui
1273 2210 1333 2248 tot

216 2304 257 2342 in
290 2315 328 2341 se
350 2301 564 2340 commissas
583 2299 738 2351 injurias
765 2297 1021 2349 adspexerant,
1049 2295 1332 2335 contubernium

217 2388 433 2430 Atridarum
463 2390 500 2426 et
521 2385 670 2437 Ulyssis
697 2384 957 2424 sustinebunt?
1012 2383 1102 2422 Non
1127 2383 1237 2422 modo
1269 2396 1333 2422 su-

217 2477 401 2530 periorum
442 2473 625 2514 malorum
658 2472 763 2512 dolor
806 2484 891 2511 eum
937 2470 1095 2517 cruciat,
1140 2469 1204 2509 sed
1239 2483 1332 2522 quae

217 2564 289 2604 sibi
317 2563 487 2613 deinceps
515 2561 560 2600 ab
582 2559 659 2599 illis
686 2557 884 2598 metuenda
906 2557 999 2603 sint,
1025 2556 1211 2608 providet;
1247 2571 1334 2597 nam
