1759 3182
962 408 1007 443 50

423 526 463 552 se
484 514 614 564 sponte
641 524 725 551 cum
748 515 885 563 septem
911 512 1070 552 navibus
1108 513 1166 564 (1)
1195 513 1241 551 ad
1275 512 1422 563 'frojam
1451 510 1546 548 esset

424 599 618 651 profectus.
685 598 840 642 Quaerit
873 612 918 638 ex
957 599 1110 660 Ulysse,
1143 600 1249 652 cujus
1275 601 1329 639 rei
1364 599 1484 652 gratia
1507 610 1545 636 se

424 683 598 730 abducat,
621 684 756 736 quippe
782 683 879 722 nulli
891 685 944 722 rei
958 684 1089 723 utilem
1103 687 1139 723 et
1153 685 1303 723 Graecis
1312 686 1389 736 jam
1404 686 1545 724 dudum

422 773 630 818 mortuum;
670 770 805 821 quidni
829 784 932 810 nunc
958 784 1103 822 quoque
1124 773 1169 810 ut
1192 770 1347 810 claudus
1375 774 1413 811 et
1437 772 1546 812 foeti-

425 859 494 897 dus
534 858 753 909 spernatur?
795 858 979 908 quomodo
1014 870 1134 905 nunc,
1174 871 1212 897 se
1233 860 1444 909 praesente,
1472 859 1545 897 diis

424 945 525 984 litari
539 944 683 996 possit?
711 967 765 973 —
791 945 841 983 In
862 946 944 983 toto
971 943 1042 983 hoc
1067 944 1149 983 loco
1171 944 1270 983 inest
1293 957 1413 983 amara
1424 945 1544 983 ironia
1606 948 1608 951 “

425 1036 462 1073 et
499 1033 627 1073 acerba
666 1033 799 1085 prioris
845 1032 1002 1084 injuriae
1041 1032 1282 1085 exprobratio.
1322 1055 1376 1061 —
1415 1032 1545 1085 Pergit

427 1123 618 1174 deinceps,
651 1121 747 1160 hanc
774 1120 912 1160 addens
948 1121 1233 1160 exsecrationem
1257 1135 1265 1160 ε
1294 1120 1420 1160 nMale
1443 1134 1544 1173 pere-

425 1208 541 1247 rratis!
577 1207 746 1259 peribitis
786 1210 908 1245 autem
943 1208 1009 1257 qui
1031 1208 1205 1258 injuriam
1230 1207 1323 1246 mihi
1345 1208 1546 1255 intulistis,

424 1294 633 1346 ttsiquidem
660 1294 732 1332 diis
767 1293 919 1345 justitia
946 1306 1053 1332 curae
1078 1295 1149 1341 est3
1186 1306 1264 1331 esse
1295 1295 1415 1332 autem
1443 1296 1543 1333 certo

423 1380 527 1418 nscio
537 1408 547 1425 ‚
568 1376 867 1428 quandoquidem
889 1388 1080 1425 nunquam
1093 1375 1254 1414 hoc-iter
1266 1376 1542 1423 instituisseffis,

422 1466 522 1504 anisi
547 1464 731 1504 divinitus
753 1463 961 1501 immissum
983 1462 1055 1501 mei
1080 1461 1299 1502 desiderium
1322 1477 1388 1503 vos
1401 1478 1443 1503 eo
1458 1465 1542 1504 ade-

420 1554 593 1606 trgisset.''

431 1621 433 1623 ι
470 1640 559 1678 Duo
585 1639 627 1676 in
652 1637 713 1676 his
739 1637 860 1676 verbis
887 1635 1209 1675 animadvertenda
1231 1639 1342 1676 sunt:
1381 1639 1543 1689 primum

419 1726 521 1778 quod
555 1737 660 1764 nunc
697 1723 848 1762 deorum
875 1722 1062 1774 justitiam
1089 1723 1258 1774 agnoscit
1292 1722 1517 1764 Philoctetes
1531 1756 1541 1773 ,

420 1827 496 1867 quo
519 1814 618 1850 facto
645 1809 879 1861 reprehendit
893 1813 1004 1859 atque
1018 1810 1156 1860 expiat,
1166 1823 1260 1859 quae
1282 1823 1335 1850 vs,
1350 1813 1427 1850 441
1443 1826 1541 1863 seqq.

419 1903 457 1940 et
484 1914 537 1939 vs,
566 1900 670 1938 1022
699 1909 796 1948 seqq.
820 1895 932 1947 impie
950 1895 992 1934 in
1006 1894 1105 1934 Deos
1119 1894 1269 1935 locutus
1289 1902 1379 1945 erat3
1408 1897 1540 1938 deinde

418 2096 493 2118 voce
514 2086 648 2129 μάγνον.
692 2083 753 2114 Cff.
774 2083 904 2113 Procius
935 2082 1017 2121 apud
1047 2081 1207 2120 Erotium,
1229 2083 1281 2121 qui
1309 2092 1376 2114 eam
1405 2084 1539 2116 fabulam

417 2146 499 2175 inter
519 2143 634 2183 Cypria
653 2142 790 2172 carmina
809 2141 911 2170 habet.
952 2140 1112 2179 Hyginus,
1134 2140 1195 2169 fab.
1219 2143 1270 2170 95.
1311 2141 1405 2172 Hom.
1424 2142 1539 2182 Odyss.

418 2201 545 2234 XXIV.
576 2203 747 2231 115—119.
780 2198 874 2230 Ovid.
902 2197 1032 2229 Metam.
1054 2197 1132 2228 XII.
1155 2200 1194 2227 34
1215 2207 1281 2237 sqq.
1303 2197 1368 2230 Cic.
1390 2200 1428 2231 de
1449 2200 1539 2232 Offic.

415 2261 479 2292 111.
501 2263 559 2296 26,
582 2260 633 2290 9⁷.

459 2319 502 2357 (1)
525 2318 700 2348 Secundum
720 2316 911 2351 Homerum,
934 2313 975 2343 Π.
996 2314 1042 2343 Π.
1067 2314 1124 2343 716
1145 2322 1211 2352 sqq.
1237 2324 1245 2343 ε

514 2411 555 2445 Οἱ
579 2407 674 2457 δ’ἅρα
696 2411 861 2447 Μηθώνην
886 2408 940 2441 καὶ
963 2409 1149 2453 Θαυμακίην
1172 2408 1333 2453 ἐνέμοντο,

514 2478 568 2512 καὶ
592 2477 766 2523 Μελίβοιαν
792 2473 865 2521 ἕχον
890 2474 943 2507 καὶ
966 2470 1120 2514 Ὀλιζῶνα
1143 2476 1314 2520 τρηχεῖαν,

481 2560 483 2563 >
512 2543 611 2577 τῶνδε
634 2543 827 2580 Φιλοκτήτης
849 2538 930 2586 ἦρχε
946 2564 955 2579 ,
981 2539 1080 2580 τόξων
1103 2536 1137 2574 εὗ
1161 2540 1275 2581 εἰδὼς,

514 2608 614 2644 ἑπτὰ
651 2613 760 2643 νεῶν.
799 2621 829 2642 κ.
857 2620 887 2641 τ.
916 2606 946 2640 λ.
