1759 3182
947 422 969 454 4

395 523 587 563 audiverit.
597 523 798 562 Mirantem
807 523 1090 575 Neoptolemum
1098 553 1108 571 ,
1117 524 1209 575 quid
1217 524 1314 564 illud
1327 526 1378 565 sit
1384 554 1395 573 ‚
1401 524 1516 577 Ulys-

392 621 466 654 ses,
497 608 620 646 missis
648 607 883 660 ambagibuS,
918 610 1165 648 necessarium
1191 624 1269 649 esse
1293 615 1435 659 monet,
1470 615 1515 651 ut

392 694 638 734 Philoctetam
659 694 797 735 dolosis
820 696 940 736 verbis
970 696 1129 748 decipiat
1144 696 1328 737 :Achillis
1343 698 1463 738 filium
1477 713 1515 739 se

342 829 348 835 ⁶
387 781 621 833 profiteatur,
638 785 676 821 et
693 782 824 822 relicto
851 784 1016 822 exercitu
1042 783 1282 831 Graecorum,
1304 783 1453 824 domum
1476 799 1514 825 se

387 868 562 920 navigare
595 868 734 921 fingat,
767 871 942 919 quoniam
970 870 1042 909 sibi
1068 870 1250 922 precibus
1265 871 1438 910 arcessito
1466 872 1512 910 ad

385 953 501 992 Ilium
533 955 824 1007 oppugnandum
852 969 950 994 arma
976 956 1138 995 Achillis
1172 957 1349 1010 denegata
1370 958 1449 996 sint
1475 962 1512 997 et

384 1041 515 1093 Ulyssi
530 1041 625 1081 data.
666 1042 821 1081 Talibus
842 1042 938 1081 dolis
959 1043 1066 1082 docet
1090 1044 1321 1083 efficiendum
1348 1040 1511 1092 essesut

382 1129 615 1170 Philoctetae
649 1130 734 1170 telis
762 1132 944 1183 potiatur,
977 1131 1058 1170 sine
1085 1132 1221 1182 quibus
1249 1132 1396 1184 Trojam
1430 1134 1511 1185 capi

383 1218 429 1257 ab
461 1219 543 1270 ipso
575 1232 652 1257 non
679 1232 795 1270 posse.
849 1219 1094 1270 Neoptolemo
1118 1223 1239 1259 autem
1265 1219 1511 1260 Philoctetam

381 1305 491 1344 facile
517 1305 627 1345 fidem
661 1305 876 1345 habiturum
899 1320 993 1353 esse,
1022 1307 1110 1356 quia
1131 1319 1250 1361 neque
1271 1307 1511 1358 jurejurando

382 1391 585 1430 adstrictus
625 1405 745 1442 neque
785 1392 824 1430 vi
865 1395 1016 1430 coactus
1050 1392 1229 1430 militaret
1255 1406 1374 1442 neque
1395 1393 1509 1443 priori

378 1479 625 1531 expeditioni,
652 1480 694 1518 in
722 1493 795 1529 qua
821 1481 1011 1530 expositus
1038 1482 1116 1518 erat
1137 1478 1367 1527 Philocteta,
1393 1480 1511 1519 inter-

378 1567 522 1607 fuisset.
576 1566 710 1617 Itaque
737 1565 869 1605 callide
894 1566 936 1604 id
959 1565 1141 1618 agendum
1164 1579 1257 1613 esse,
1288 1568 1333 1604 ut
1354 1566 1509 1606 invictis

377 1654 609 1693 Philoctetae
635 1654 721 1693 telis
737 1654 831 1693 clam
850 1655 1027 1706 potiatur.
1055 1654 1228 1693 Ceterum
1249 1668 1327 1692 non
1340 1655 1510 1706 ignorare

378 1756 417 1782 se
437 1743 593 1789 fatetur,
626 1742 914 1795 Neoptolemum
942 1742 989 1781 ad
1015 1741 1195 1794 ejusmodi
1221 1741 1335 1781 malas
1361 1741 1507 1781 fraudes

377 1833 510 1869 natura
528 1843 605 1869 non
633 1843 711 1869 esse
738 1833 883 1882 aptum,
920 1833 959 1869 at
986 1843 1134 1869 suavem
1161 1843 1239 1868 esse
1260 1832 1401 1881 partam
1428 1829 1507 1868 vic-

376 1918 521 1956 toriam.
576 1918 693 1956 Nunc
727 1917 938 1956 audendum
961 1931 1056 1964 esse,
1083 1919 1209 1968 postea
1230 1916 1419 1967 justitiam
1445 1929 1507 1955 co-

376 2005 534 2044 lendam.
588 2005 721 2056 Itaque
743 2004 945 2056 paullisper
966 2006 1114 2043 tantum
1142 2017 1181 2042 se
1202 2004 1275 2055 ipsi
1308 2002 1433 2050 dedat3
1465 2003 1506 2041 in

376 2093 564 2144 posterum
605 2091 735 2138 faciat,
771 2093 816 2129 ut
851 2089 1063 2129 mortalium
1097 2090 1381 2129 honestissimus
1403 2102 1506 2141 prae-

374 2179 528 2219 dicetur.

428 2266 491 2305 Ad
518 2265 608 2305 haec
636 2266 905 2318 Neoptolemus
931 2266 1168 2318 indignatus,
1190 2266 1235 2303 ut
1257 2276 1323 2315 par
1344 2265 1417 2310 est,
1447 2276 1504 2302 re-

376 2354 553 2406 spondet,
580 2368 618 2393 se
646 2354 783 2402 dolere,
819 2354 919 2406 quod
950 2353 1042 2393 talia
1068 2352 1179 2393 verba
1200 2365 1246 2391 ex
1268 2350 1417 2402 Ulyssis
1444 2363 1505 2389 ore

374 2440 576 2489 audiverit,
612 2454 706 2492 quae
741 2442 892 2492 exsequi
920 2440 992 2480 sibi
1021 2440 1135 2479 ducat
1161 2438 1357 2491 religioni3
1384 2450 1503 2487 neque

373 2542 411 2568 se
447 2542 566 2580 neque
606 2532 745 2581 patrem
782 2543 890 2568 suum
922 2528 1062 2568 talibus
1089 2526 1342 2580 perpetrandis
1371 2528 1504 2564 natura.

370 2618 475 2667 aptos
515 2630 611 2664 esse3
661 2615 755 2656 velle
791 2630 830 2655 se
870 2616 908 2656 vi
949 2614 1136 2655 hominem
1177 2613 1373 2660 abducere,
1425 2626 1501 2651 non
