1759 3182
690 392 732 425 95

151 485 384 541 commodum
423 501 587 550 videtur,
622 498 715 553 quia
742 503 819 554 jam
845 502 1009 554 positum
1036 502 1093 540 est
1119 514 1154 539 v.
1184 501 1272 538 239.

151 588 228 627 Ost.
264 588 311 627 R.
339 588 515 628 Klotzius
538 589 585 628 ad
611 590 763 629 Devarii
788 589 928 628 librum
952 589 996 628 de
1022 589 1150 628 Graec.
1178 587 1272 639 ling.

151 678 262 728 partt.
302 675 387 717 Vol.
430 677 485 717 H.
508 677 604 717 Sect.
636 678 690 718 II.
744 675 966 730 Conjunctis
989 676 1048 717 his
1075 675 1270 730 particulis

150 783 201 809 τοι
231 766 290 819 δὴ,
305 770 494 809 indicatur
532 770 708 822 quaedam
733 771 944 818 morositas,
993 782 1102 821 quam
1142 768 1270 820 Neop-

151 857 314 911 tolemus>
331 857 491 897 simulat.
524 857 675 910 Belgice
714 858 838 897 dicas:
865 857 980 905 Wel,
1007 871 1087 896 zoo
1113 859 1170 909 gij
1203 856 1271 895 dit

154 943 239 983 dan
286 946 424 985 weten
464 943 578 991 wilt,
614 943 663 982 ik
688 944 788 983 kom
813 943 949 983 thans
976 957 1061 984 van
1088 944 1230 995 Troje.

203 1137 251 1177 V.
280 1140 368 1177 254.
393 1134 479 1191 μηδ’
509 1133 688 1184 Ἐλλαδος
717 1144 781 1193 γῆς
811 1137 978 1194 μηδαμοῦι
1014 1138 1146 1184 διῆλθέ
1191 1156 1270 1183 που.

204 1230 271 1270 La.
307 1232 353 1269 R.
381 1232 430 1284 μὴ
475 1227 528 1283 ὃ’;
585 1232 629 1271 de
670 1232 822 1283 reliquis
861 1233 969 1272 libris
1011 1234 1134 1273 silent.
1175 1234 1264 1273 Ald.

153 1319 259 1377 μήθ’.
328 1323 524 1363 Turnebus
570 1324 759 1376 (Triclim'i
798 1325 977 1378 recensio)
1014 1320 1117 1379 μηδ’.
1201 1325 1274 1364 Sed

155 1416 328 1455 iteratum
369 1414 461 1469 μηδὲ
503 1417 664 1468 ineptam
702 1416 848 1468 praebet
888 1419 1126 1465 sententiam,
1148 1431 1279 1469 nempe

155 1504 265 1558 talem
291 1504 361 1543 nde
374 1517 448 1555 quo
465 1517 518 1542 ne
539 1504 635 1542 fama
653 1504 835 1554 quidem
849 1504 1016 1552 domum,
1031 1519 1084 1544 ne
1105 1505 1148 1543 in
1161 1505 1276 1544 Grae-

156 1591 234 1629 ciae
251 1589 431 1642 quidem
448 1589 573 1628 locum
587 1589 748 1641 aliquem
761 1591 962 1642 pervenit.''
989 1590 1123 1629 Dicere
1137 1590 1276 1630 debuit:

157 1679 207 1717 de
232 1692 319 1728 quo
349 1692 402 1716 ne
429 1678 543 1716 fama
575 1677 761 1728 quidem
788 1677 1063 1717 vel‘domum
1090 1678 1161 1718 vel
1194 1678 1278 1717 sal-

154 1769 240 1805 tem
267 1766 314 1804 in
341 1765 563 1804 Graeciae
590 1749 722 1803 aliam
749 1765 970 1815 quandam
994 1768 1168 1817 partem
1186 1778 1279 1818 per-

157 1854 292 1892 venit.
329 1853 467 1891 Merito
491 1853 610 1904 igitur
625 1852 839 1901 Hermanno
862 1852 968 1891 editt.
991 1855 1080 1891 vett.
1095 1853 1281 1904 scriptura

156 1946 333 1986 servanda
358 1946 438 1985 visa
456 1948 528 1992 est,
554 1945 625 1983 hoc
657 1959 790 1984 sensu:
826 1941 865 1983 οὗ
896 1942 989 1997 μηδὲ
1019 1942 1161 1997 κλῃδὼν
1191 1943 1275 1997 μήτ’

156 2035 277 2079 οἴκαδε
324 2033 413 2092 μήθ’
463 2031 641 2083 Ἐλλαδος
682 2041 747 2091 γῆς
788 2033 957 2091 μηδαμοῦ
1003 2051 1069 2078 που
1110 2035 1274 2082 διῆλθεν.

158 2125 393 2165 Wunderum
422 2100 469 2164 'et
504 2124 825 2186 Schneidewinum
857 2124 1047 2177 vulgatam
1080 2127 1279 2165 retinuisse

159 2215 284 2265 miror.

213 2408 262 2447 V.
291 2411 379 2448 276.
407 2403 481 2448 ποῖ’
513 2404 767 2461 ἐκδρακρῦσαι,
802 2403 881 2448 ποῖ’
913 2406 1118 2461 ἀποιμώξαι
1156 2412 1277 2462 κακοί;

212 2501 373 2542 Fallitur
400 2472 709 2554 Hartungius'ad
731 2499 767 2539 h.
790 2498 1032 2560 1..ἀποιμῷξαι
1065 2502 1280 2555 significare

162 2591 364 2633 lacrimis
391 2589 567 2636 satiari,
597 2588 738 2642 (seinen
760 2587 881 2628 Elend
904 2589 1175 2642 ausweinen)
1205 2592 1280 2630 sta-
