1759 3182
699 399 743 433 83

161 509 287 546 manni
305 520 381 549 non
394 521 488 560 opus
497 513 554 549 est
563 539 574 558 ‚
600 523 716 561 quum
729 505 788 551 οὖν
801 512 939 564 optime
965 513 1170 552 sententiae
1183 526 1275 564 qun-

161 600 242 640 dret
267 605 305 641 ct
324 602 494 643 codicum
510 604 610 656 (nam
623 605 733 644 etiam
746 604 795 644 V.
817 607 854 645 et
867 605 983 645 Paris.
1009 604 1146 646 habent
1172 608 1273 660 γοῦν,

159 688 260 739 quod
278 688 514 755 librariorum⁵
529 694 676 731 tantum
689 691 863 733 mendum
879 693 951 745 est)
967 694 1189 733 auctoritate
1212 694 1275 733 fir-

158 777 288 815 metur.

210 922 257 961 V.
286 925 372 962 141.
426 923 465 963 σὲ
495 920 565 962 δ’(ἷ)
596 924 733 975 τέκνον,
771 917 1014 980 ’ςόδ’ἐλήλυ3εν
1045 930 1118 965 πᾶν
1149 928 1273 979 κράτος

156 1015 318 1072 ὠγύγιρν.

208 1108 380 1159 'I'riclinii
409 1110 669 1150 correctionem
695 1111 755 1150 σοι’
776 1111 824 1151 ob
850 1112 1023 1151 vitiosam
1049 1125 1177 1151 versus
1205 1125 1271 1150 an·

156 1195 368 1246 tistrophici
390 1195 601 1244 lectionem,
624 1211 658 1236 v.
674 1199 916 1249 156,reccpit
929 1198 1162 1245 Wunderus,
1175 1198 1272 1237 illud

155 1287 194 1327 σὲ
220 1302 358 1341 negans
386 1289 608 1328 Graecorum
635 1290 812 1341 loquendi
839 1290 1103 1329 consuetudini
1128 1302 1271 1328 accom-

153 1375 343 1414 modatum
378 1388 465 1414 esse.
535 1375 744 1415 uConvenit
779 1377 877 1415 enim
886 1366 919 1424 ,ς’
959 1378 1105 1427 inquit,
1149 1376 1266 1415 nlocis

102 1471 109 1478 ⁴
154 1468 343 1516 omnibus,
377 1469 419 1506 in
458 1468 594 1519 quibus
634 1467 699 1507 issa
741 1465 869 1519 (ἦλθον
904 1468 1113 1522 ἄνθρωπον,
1151 1467 1264 1507 πόλιν·

153 1563 270 1606 ὕπνος,
300 1563 410 1615 γῆράς
441 1576 485 1614 με
517 1562 640 1613 ἱκάνει)
668 1561 843 1613 legimus,
870 1561 1098 1613 significatio
1124 1574 1166 1600 ea
1188 1574 1268 1600 ver-

154 1648 193 1688 bi
219 1649 407 1696 veniendi,
434 1661 527 1699 quae
552 1648 662 1695 fecit,
696 1650 741 1687 ut
766 1647 893 1686 nudus
930 1647 1165 1687 accusativus
1207 1646 1272 1685 ad—

153 1735 314 1782 deretur,
342 1733 618 1785 assequendi
647 1733 731 1773 dico
750 1733 809 1773 vel
836 1733 1114 1786 occupandi.
1142 1733 1273 1787 Longe

152 1821 223 1860 alia
248 1822 343 1860 ratio
371 1820 483 1872 hujus
509 1820 584 1859 loci
611 1823 683 1868 est3
711 1833 829 1872 neque
851 1822 949 1861 enim
973 1823 1160 1872 sceptrum
1174 1834 1270 1859 asse-

151 1910 217 1961 qui
252 1911 318 1947 aut
353 1921 532 1960 occupare
565 1921 686 1960 regem
721 1909 876 1959 potest.''
929 1906 1162 1946 Postremum
1199 1907 1270 1946 hoc

152 1968 228 2035 dici
267 2010 343 2035 non
376 2009 482 2048 posse
515 1994 623 2034 facile
658 1994 835 2042 concedo3
863 1994 956 2046 quid
987 2007 1089 2042 vero,
1122 1995 1155 2034 si
1190 2008 1269 2033 non

149 2104 241 2142 opus
268 2093 344 2136 est,
380 2093 424 2128 ut
450 2091 504 2128 ita
529 2088 736 2129 vertamus?
792 2086 853 2126 Σοὶ
883 2086 1051 2130 ἐλήλυθεν
1078 2087 1268 2139 significa-

148 2181 205 2217 ret
232 2193 239 2216 :
267 2178 355 2217 tibi
380 2178 597 2229 contigit,
625 2176 677 2215 ad
704 2178 746 2214 te
771 2175 998 2227 pervenit,
1025 2175 1080 2217 ita.
1101 2177 1145 2213 ut
1172 2177 1267 2214 esset

148 2265 207 2306 vel
257 2265 405 2305 dativus
455 2265 645 2311 commodi,
684 2262 752 2317 *vel
784 2263 943 2314 finalis,
975 2274 1091 2312 ‘quem
1132 2261 1266 2301 dicunt

149 2353 407 2399 Grammatici,
446 2364 521 2402 quo
546 2337 666 2389 simul
706 2349 840 2400 aliquis
876 2349 1046 2387 fortunae
1073 2361 1179 2386 casus
1205 2349 1266 2387 in-

150 2410 343 2480 diceretur.
396 2418 657 2491 Exemplorum
692 2437 771 2489 ejus
808 2436 951 2489 generis
986 2441 1184 2488 permagna
1210 2439 1267 2476 est

148 2528 253 2580 copia
289 2530 363 2566 tam
390 2526 487 2579 apud
513 2528 638 2578 poetas
664 2538 775 2577 quam
801 2524 899 2577 apud
924 2537 1052 2577 prosae
1086 2525 1266 2564 orationis

147 2617 359 2668 scriptores,
381 2629 415 2654 v.
440 2628 470 2653 c.
524 2613 635 2652 Pind.
659 2612 806 2664 Olymp.
825 2612 857 2650 Ι.
875 2613 961 2651 100.
989 2611 1122 2651 Aesch.
1143 2612 1266 2651 Prom.
