1759 3182
916 370 995 398 V111

390 467 654 505 illustrandum
682 468 910 519 scriptorem,
937 483 1039 520 quem
1062 469 1199 508 dudum
1217 471 1259 509 in
1286 471 1435 510 deliciis
1448 471 1515 509 ha-

387 538 467 575 bere
494 538 604 587 coepi.
634 537 746 574 Illud
768 550 872 583 vero,
896 538 992 588 quod
1012 552 1119 589 quam
1133 540 1304 589 exiquum
1316 541 1368 578 sit
1381 541 1515 586 sentio,

387 607 551 656 quamvis
576 606 696 645 variis
731 606 893 644 muneris
929 607 1088 656 neqotiis
1114 621 1159 646 ac
1186 609 1286 647 curis
1312 610 1515 648 distractus

385 676 471 721 sim,
499 679 621 713 tamen
641 675 790 713 auctius
802 679 839 713 et
847 675 1012 727 politius
1025 678 1067 713 in
1083 676 1200 714 lucem
1205 679 1378 728 prqfewe
1392 682 1515 730 optas-

384 765 469 797 sem,
491 746 569 788 nisi
580 751 730 804 κρατερὴ
761 749 915 790 ἐπέκειτο
945 750 1108 804 ἀνάγκη,
1132 765 1225 802 quae
1236 753 1407 800 mihi,ut
1419 768 1516 792 sum-

383 833 459 858 mos
485 819 526 857 in
555 820 803 871 Philosophia
833 822 1047 860 Pheoretica
1073 825 1110 859 et
1130 822 1516 861 LitterisHumanio-

382 891 484 928 ribus
503 891 654 928 bonores
680 903 928 940 consequerer,
956 895 1094 929 certum
1121 892 1294 942 temporis
1321 893 1518 931 termimum

382 961 593 1008 constituit,
621 965 726 999 extra
748 975 851 1012 quem
877 962 1001 1012 eqredi
1027 975 1100 1001 non
1129 963 1274 1001 licebat.

434 1033 470 1069 Α
497 1031 598 1069 vobis
625 1035 765 1077 autem,
800 1031 884 1070 Viri
914 1032 1143 1079 Clarissimi,
1171 1033 1404 1071 litterarum
1427 1032 1515 1071 Hu-

381 1101 584 1139 maniorum
611 1101 876 1152 Professores!
902 1115 1050 1153 quorum
1082 1102 1321 1141 institutione
1348 1103 1389 1141 in
1415 1104 1516 1141 hisce

384 1171 525 1209 litteris
546 1183 637 1209 usus
662 1184 759 1218 sum,
785 1171 971 1210 discedere
996 1184 1068 1210 non
1075 1184 1243 1223 posswm,
1262 1160 1349 1223 quin
1369 1172 1517 1223 qratias

382 1256 489 1293 quam
514 1242 697 1279 maa-imas
723 1242 824 1280 vobis
852 1256 897 1279 ea·
919 1242 1041 1283 animo
1068 1255 1185 1291 aqam.
1248 1242 1319 1279 Vos
1342 1243 1439 1279 enim
1461 1256 1517 1280 me

383 1311 649 1350 adolescentem
669 1311 821 1361 benique
843 1312 941 1349 inter
954 1311 1158 1362 discipulos
1171 1314 1356 1361 receptum
1368 1311 1518 1349 liberali

382 1382 620 1420 institutione
646 1386 771 1420 vestra
794 1386 870 1420 tam
883 1381 1039 1433 publica
1062 1395 1168 1432 quam
1184 1381 1341 1432 privata
1354 1381 1454 1419 viam
1467 1381 1520 1419 ad

382 1452 523 1490 altiora
545 1452 673 1489 studia
714 1451 855 1501 eqreqie
875 1450 1129 1502 patefecistis.
1195 1450 1326 1501 Neque
1361 1463 1401 1488 eo
1429 1463 1513 1488 con-

383 1523 480 1560 tenti
488 1522 637 1573 fuistis
653 1534 666 1559 .·
695 1522 845 1573 optimis
870 1535 1010 1573 semper
1036 1521 1206 1560 consiliis
1218 1521 1436 1572 monitisque
1459 1535 1516 1559 me

382 1592 608 1644 adjuvistis;
638 1592 945 1631 commendatione
971 1596 1095 1630 vestra
1118 1605 1225 1643 quam
1247 1591 1404 1630 maxime
1423 1591 1517 1629 mihi

375 1663 593 1713 profuistis.
652 1663 843 1713 Quidquid
867 1663 1022 1713 denique
1045 1676 1124 1700 sum
1145 1690 1155 1708 ,
1181 1662 1226 1699 id
1248 1662 1350 1700 vobis
1372 1675 1428 1699 me
1453 1662 1517 1699 de-

382 1733 463 1770 bere
483 1732 551 1783 pio
578 1745 623 1770 ac
655 1735 763 1782 qrato
797 1732 918 1770 animo
945 1732 1079 1783 palam
1107 1733 1313 1783 profiteor.·
1372 1731 1444 1770 Vos
1474 1734 1517 1769 ut

382 1803 433 1839 D.
466 1803 507 1839 Ο.
536 1802 594 1839 M.
622 1801 690 1838 diu
711 1802 912 1839 incolumes
934 1806 1069 1848 servet,
1096 1801 1204 1839 enixe
1223 1802 1383 1852 precor!

436 1871 520 1909 Nec
538 1870 661 1909 minus
682 1871 800 1918 vobis,
831 1871 940 1909 Juris
966 1871 1224 1922 Prqfessores,
1258 1870 1343 1910 Viri
1374 1869 1516 1909 Claris-

382 1941 501 1979 simi!
529 1955 615 1992 quos
642 1941 874 1992 aliquamdiu
897 1942 1028 1979 audire
1054 1942 1147 1979 mibi
1166 1941 1340 1991 contiqit,
1356 1953 1426 1990 pro
1440 1940 1516 1978 col-

385 2011 467 2049 lata
495 2011 537 2049 in
564 2025 621 2048 me
648 2011 901 2049 benevolentia
924 2011 1088 2062 qratiam
1116 2010 1237 2049 laetus
1256 2009 1437 2062 persolvo.

444 2082 516 2120 Vos
551 2082 660 2128 item,
705 2082 900 2133 qunasii
935 2081 1297 2132 Rheno-stajectini
1335 2080 1517 2127 doctores,

378 2165 597 2203 persuasum
623 2151 724 2190 vobis
749 2152 896 2199 habete,
918 2166 974 2191 me
1001 2152 1184 2203 eqreqiae,
1211 2164 1282 2203 qua
1303 2151 1345 2188 in
1365 2162 1517 2202 qqmna-

382 2223 438 2261 sio
465 2226 584 2261 vestro
611 2235 700 2261 usus
726 2235 823 2270 sim,
845 2222 1072 2274 disciplinae
1098 2235 1284 2274 nmquam
1309 2219 1518 2259 obliturum,

392 2292 560 2331 Vestrum
586 2293 794 2331 memoriam
821 2293 862 2330 in
889 2297 1008 2331 mente
1043 2306 1123 2331 mea
1157 2292 1382 2343 insculptam
1408 2290 1517 2329 nulla

384 2366 489 2401 aetas
512 2362 677 2401 delebit!
