1759 3182
928 399 973 432 20

394 502 472 540 sive
506 499 752 551 Neoptolemo
774 501 978 541 inserviens
1004 502 1102 549 sive,
1141 502 1243 554 quod
1265 501 1360 542 mihi
1388 501 1513 554 potius

393 588 556 636 videtur,
596 588 791 628 immemor
829 589 992 637 fraudis,
1031 602 1144 641 quam
1183 603 1314 643 parum
1346 591 1515 630 accurate

390 674 590 714 meditatus
611 677 706 723 erat,
733 676 877 715 sincera
890 675 964 715 fide
976 688 1062 716 eum
1077 676 1124 715 ad
1137 677 1412 717 miserationem
1426 677 1514 716 hor-

389 765 493 801 tatur
520 765 669 814 propter
690 762 805 810 mala,
845 762 982 814 quibus
1012 763 1251 802 conflictatur
1277 763 1514 803 Philoctetes.

389 849 431 889 Si
457 849 728 903 Neoptolemus
755 849 910 889 Atridas
937 849 1024 889 odio
1049 848 1198 898 habeat,
1229 862 1334 889 ntmc
1359 850 1513 890 illorum

388 936 573 977 ultionem
609 938 652 976 in
688 937 803 989 hujus
842 937 992 977 lucrum
1028 940 1221 977 convertat
1260 950 1421 988 eumque
1447 937 1515 975 do-

388 1038 496 1064 mum
533 1024 691 1064 reducat
727 1039 735 1063 ε
771 1024 846 1064 ita·
861 1024 1043 1077 effugiant
1083 1024 1249 1064 Deorum
1287 1022 1516 1070 vindictam,

386 1125 481 1162 quae
513 1125 574 1150 eos
601 1114 745 1159 manet,
781 1111 847 1162 qui
870 1110 1051 1163 supplicis
1076 1124 1200 1163 preces
1226 1109 1513 1162 repudiaverint.

438 1198 502 1237 Ad
540 1197 632 1238 haec
668 1197 957 1249 Neoptolemus,
997 1198 1105 1249 quasi
1132 1197 1303 1249 precibus
1325 1196 1405 1236 illis
1429 1209 1513 1249 gra-

384 1288 496 1325 vatus
532 1288 570 1325 et
608 1285 813 1333 haesitans,
850 1287 977 1324 monet
1013 1283 1170 1324 chorum
1210 1297 1353 1330 cavere,
1388 1297 1453 1331 ne,
1480 1284 1514 1322 si

385 1387 489 1413 nunc
524 1374 630 1425 justo
665 1372 816 1412 facilius
843 1372 1086 1419 concesserit,
1112 1374 1240 1423 postea
1262 1371 1363 1423 ipsos
1389 1370 1513 1410 taedio

384 1460 507 1500 morbi
539 1460 690 1499 affectos
730 1458 821 1502 faeti
847 1458 1045 1511 poeniteat.
1099 1457 1229 1502 Quum
1254 1456 1389 1497 chorus
1412 1471 1513 1497 nun-

382 1561 498 1599 quam
530 1547 571 1586 id
606 1547 685 1585 fore
724 1547 992 1585 asseveratione
1017 1546 1250 1591 affirmasset,
1276 1546 1402 1585 victus
1427 1549 1512 1583 tan-

384 1634 467 1674 dem
496 1633 767 1685 Neoptolemus
792 1632 839 1671 ad
864 1632 1177 1685 proficiscendum
1203 1635 1375 1685 paratum
1401 1646 1440 1671 se
1455 1632 1513 1671 di-

384 1722 438 1761 cit
461 1725 499 1761 et
525 1720 776 1761 Philoctetam
798 1720 1054 1760 reducturum.
1082 1720 1170 1764 Quo
1195 1720 1261 1760 ille
1285 1720 1415 1759 audito
1437 1719 1512 1758 lae-

383 1809 472 1848 titia
498 1808 679 1855 exsultat,
706 1807 808 1859 quod
834 1810 920 1860 post
945 1810 1005 1847 tot
1031 1821 1215 1847 annorum
1241 1808 1383 1848 labores
1404 1808 1512 1847 inex-

385 1899 551 1949 spectato
591 1895 812 1935 liberabitur
851 1908 894 1935 eo
916 1895 1033 1942 malo,
1059 1908 1135 1947 quo
1161 1897 1325 1935 maxime
1350 1897 1511 1936 cruciari

384 1999 423 2025 se
436 1985 633 2036 queritur,
659 1983 875 2023 solitudine.

438 2073 687 2112 Carissimum
713 2073 823 2111 vocat
835 2070 939 2110 hune
953 2070 1069 2119 diem,
1097 2069 1360 2111 dulcissimum
1373 2073 1512 2111 morta-

384 2160 480 2199 lium
490 2157 801 2210 Neoptolemum,
830 2158 970 2196 amicos
984 2157 1064 2208 ejus
1078 2157 1248 2205 comites3
1267 2158 1404 2205 noscit,
1416 2171 1511 2209 quo-

383 2247 497 2287 modo
510 2248 661 2299 gratum
675 2246 723 2284 iis
737 2244 907 2284 animum
921 2245 973 2284 sit
986 2247 1202 2284 testatmus.
1233 2244 1436 2293 nEamus,''
1450 2246 1511 2284 in-

385 2334 512 2386 nquit,
539 2346 562 2372 ο
576 2332 650 2373 fili!
668 2344 787 2384 quum
802 2331 907 2384 prius
920 2333 1045 2371 tecum
1060 2330 1267 2371 salutavero
1282 2331 1436 2372 domum
1450 2332 1510 2371 in-

385 2420 668 2467 nhabitabilem,
695 2423 756 2466 ut,
774 2432 887 2470 quam
911 2419 1058 2458 fortiter
1075 2420 1187 2458 istam
1201 2420 1318 2459 vitam
1332 2419 1512 2459 tolerave-

385 2509 493 2556 πίω,
503 2520 716 2560 cognoscas.
744 2505 845 2545 Puto
858 2506 970 2554 enim,
984 2519 1031 2545 ne
1044 2505 1260 2559 adspectum
1276 2505 1427 2558 quidem
1438 2505 1512 2545 hu-

383 2595 417 2647 nj
422 2608 466 2633 us
494 2594 569 2633 loci
591 2605 814 2645 quemquam
830 2596 973 2645 praeter
986 2607 1045 2634 me
1057 2593 1166 2634 facile
1178 2593 1361 2633 sustinere
1373 2596 1511 2645 posse.''
