1759 3182
740 359 784 394 11

319 472 380 512 οὐκ
410 470 455 512 ἂν
484 470 607 524 λα’βοις
638 486 704 526 μου
734 471 872 526 μᾶλλον
899 466 1009 511 οὐδέν’
1041 468 1182 523 εὐσεβῆ·

320 570 422 605 νικᾶν
450 580 491 619 γε
519 566 634 618 μέντοι
664 568 849 618 πανταχοῦ
873 567 1020 619 χρῄζων
1048 566 1145 619 ἔφυν.

204 669 271 709 Vs.
292 671 389 718 109,
410 682 486 709 non
511 672 621 722 turpe
645 672 755 722 putat
771 669 941 718 mentiri,
964 670 997 710 si

439 793 477 833 τὸ
505 793 672 835 σωθῆναί
696 808 737 847 γε
768 792 806 833 τὸ
836 790 961 847 ψεῦδος
990 792 1099 847 φέρει.

208 894 273 933 Vs.
298 896 373 934 111
403 894 498 934 dicit
526 908 533 932 :

294 1006 375 1043 ὅταν
402 1017 435 1042 τι
466 1001 557 1057 δρᾶς
588 1003 634 1047 εἰς
663 1000 811 1057 κῷὃος,
846 1002 909 1042 οὐκ
938 1003 1048 1042 ὀκνεῖν
1078 1004 1217 1058 πρέπει.

206 1125 395 1164 Postrema
420 1123 509 1163 haec
543 1124 700 1162 mirifice
725 1124 967 1171 confirmant,
1002 1137 1096 1174 quae
1121 1123 1168 1163 de
1193 1123 1331 1175 Ulysse

209 1193 382 1251 diximus.
410 1210 608 1262 Quidquid
618 1210 728 1258 facit,
755 1223 844 1249 suae
863 1210 957 1250 facit
974 1210 1153 1250 utilitatis
1180 1224 1328 1259 caussa,

207 1313 318 1351 quam
347 1300 458 1338 etiam
492 1302 574 1337 tum
612 1312 690 1337 non
716 1299 896 1351 negligit,
936 1298 1003 1338 ubi
1029 1299 1198 1338 omnium
1215 1300 1330 1339 Grae-

207 1400 337 1427 corum
364 1400 515 1426 causam.
532 1386 630 1426 tueri
657 1388 823 1425 conatur.

264 1474 437 1526 Ulyssem
449 1474 568 1527 igitur
582 1472 779 1520 callidum,
801 1475 1013 1520 versutum,
1033 1473 1233 1524 providum
1261 1473 1330 1513 ho-

208 1562 346 1601 minem
371 1560 600 1611 eundemque
624 1560 758 1599 fortem
778 1559 992 1599 bellatorem
1013 1560 1098 1611 jure
1111 1560 1269 1608 dixerim
1292 1565 1331 1600 at

209 1651 324 1688 artem
345 1647 467 1696 illam,
502 1646 623 1699 qualis
650 1646 816 1687 cernitur
837 1646 879 1685 in
904 1646 1172 1686 recentioribus
1200 1647 1332 1687 civita-

208 1739 291 1774 tum
321 1734 546 1781 rectoribus,
583 1748 603 1773 e
636 1733 743 1773 nullo
778 1734 1016 1784 antiquorum
1046 1736 1263 1775 testimonio
1299 1738 1333 1775 ei

208 1823 346 1871 tribui,
372 1824 447 1862 imo
468 1837 517 1862 ne
532 1822 700 1875 potuisse
724 1822 875 1873 quidem
895 1822 1014 1862 tribui
1040 1826 1182 1863 certum
1203 1827 1270 1863 est.

264 1909 338 1950 Sed
359 1910 547 1950 redeamus
565 1923 625 1958 eo,
651 1909 752 1949 unde
779 1909 1012 1950 devertimus.

661 2048 885 2109 ΠΑῬοΔοΣ.

569 2199 636 2240 Vs.
666 2202 861 2241 135.—vs.
890 2202 978 2240 216.

264 2287 466 2339 Postquam
485 2287 578 2327 abiit
599 2287 774 2339 Ulysses,
799 2287 942 2327 accedit
969 2287 1123 2336 chorus,
1158 2302 1267 2340 quem
1290 2291 1336 2330 ab

212 2375 325 2416 initio
363 2375 508 2415 fabulae
543 2375 692 2427 Ulyssis
718 2374 1026 2428 Neoptolequue
1047 2376 1233 2428 colloquio
1259 2392 1335 2418 non

214 2464 428 2505 interfuisse
451 2462 611 2516 probant
638 2464 718 2515 ejus
740 2462 870 2510 verba,
892 2477 946 2503 vs.
972 2465 1048 2503 105
1072 2477 1126 2515 sq.
1155 2479 1162 2502 :

277 2558 328 2597 Τι’
372 2557 466 2613 χρὴ,
515 2556 553 2596 τί
596 2559 669 2612 χρή
717 2571 781 2609 με,
830 2552 994 2609 δέσποτ’,
1046 2556 1080 2595 ἐν
1130 2554 1213 2608 ξένᾳ
1245 2556 1338 2605 ξένον
