1759 3182
960 385 1005 417 48

421 493 507 529 mat.
567 489 664 528 Tum
704 488 911 528 Philocteta
943 488 1237 540 Neoptolemum
1272 486 1380 539 jubet
1419 497 1543 524 arcum

421 577 492 616 sibi
537 575 694 615 reddere.
748 574 903 626 Ulysses
944 588 1030 615 vero
1062 575 1103 614 id
1143 588 1183 614 se
1215 588 1411 627 passurum
1433 575 1544 626 negat

419 665 456 701 et
490 661 737 701 Philoctetam
773 665 1007 709 coacturum,
1043 664 1088 701 ut
1114 661 1241 701 volens
1267 662 1397 702 nolens
1424 675 1462 702 se
1488 674 1544 700 se-

418 753 566 801 quatur.

471 835 543 875 Ille
561 834 822 888 indignatione
840 835 980 883 elatus,
1011 835 1145 875 Lemni
1170 834 1327 874 numina
1348 835 1544 883 invocans,

419 923 569 970 clamat,
595 936 643 961 an
666 921 756 961 haec
777 922 926 961 ferenda
947 923 1042 969 sint,
1064 924 1110 961 ut
1127 922 1285 972 Ulysses
1299 920 1389 962 seri
1403 922 1543 961 abduc-

418 1012 530 1049 turus
559 1009 621 1048 sit.
660 1008 833 1060 Ulysses,
864 1011 910 1048 ut
932 1011 1056 1049 certus
1074 1009 1267 1057 victoriae,
1290 1008 1316 1047 J
1317 1022 1422 1048 ovem
1449 1008 1544 1048 dicit

419 1109 498 1134 esse
531 1095 674 1133 Lemno
709 1096 949 1146 imperantem
980 1096 1226 1146 eundemque,
1262 1097 1328 1146 qui
1369 1097 1442 1134 ista
1459 1097 1543 1147 jus-

418 1182 528 1229 serit3
555 1180 670 1233 hujus
702 1194 741 1220 se
780 1180 1042 1221 administrum
1073 1197 1161 1222 esse.
1227 1183 1289 1222 Ad
1310 1183 1400 1223 haec
1425 1185 1544 1237 magis

417 1269 529 1308 etiam
561 1269 737 1308 irascitur
771 1267 998 1317 Philocteta,
1037 1269 1155 1321 quod,
1182 1272 1371 1322 praetexto
1394 1270 1545 1311 deorum

419 1358 590 1404 nomine,
623 1357 709 1395 deos
747 1357 866 1409 fingat
887 1356 1091 1397 mendaces.
1140 1358 1248 1398 Alter
1279 1362 1419 1407 autem,
1458 1373 1543 1399 eum

418 1432 532 1485 minis
552 1445 698 1485 victum
720 1445 769 1483 iri
793 1444 964 1493 credens,
991 1446 1124 1484 iterato
1143 1446 1453 1499 progredijubet;
1481 1447 1545 1486 sed

418 1547 538 1584 quum
573 1533 638 1571 hic
668 1535 816 1571 recusat
847 1535 884 1571 et
919 1533 1120 1572 minitatur
1154 1534 1259 1585 prius
1296 1548 1334 1573 se
1367 1534 1413 1573 de
1438 1548 1546 1587 rupe,

420 1634 515 1672 quae
527 1621 569 1659 in
583 1633 693 1659 scena
702 1620 951 1671 conspicitur,
972 1620 1218 1672 dejecturum,
1245 1621 1309 1661 ille
1323 1623 1480 1670 veritus,
1498 1637 1546 1662 ne

419 1709 475 1748 ita
506 1708 630 1747 omnis
655 1721 735 1759 spes
764 1720 802 1746 se
828 1707 1046 1755 frustretur,
1080 1721 1101 1746 a
1122 1707 1333 1760 pedisequis
1356 1709 1435 1748 suis
1458 1723 1545 1749 eum

410 1794 683 1847 *comprehendi
701 1794 828 1845 jubet;
855 1808 931 1845 quo
949 1795 1048 1833 facto
1075 1794 1300 1834 Philoctetes
1320 1797 1364 1834 in
1387 1796 1547 1836 acerbis-

420 1868 516 1923 sima
537 1882 699 1922 lamenta
725 1882 909 1934 erumpit,
935 1881 1037 1933 quod
1063 1895 1197 1921 manus
1220 1895 1419 1923 suaearcu
1433 1882 1548 1922 desti-

421 1975 528 2011 tutae
558 1974 638 2010 tam
661 1969 820 2021 indigna
841 1969 920 2020 pati
948 1971 1130 2020 cogantur
1156 1971 1338 2019 tanquam
1365 1970 1547 2020 constric-

421 2064 482 2100 tae
506 2060 584 2111 (1);
609 2057 873 2097 circumveniri
896 2069 936 2094 se
962 2055 1006 2095 ab
1029 2070 1091 2104 ec,
1113 2056 1180 2107 qui
1194 2057 1273 2108 ipse
1284 2056 1383 2096 nihil
1395 2071 1547 2110 genero-

408 2161 524 2196 sum,
545 2145 644 2187 nihil
666 2143 815 2185 liberale
828 2143 1008 2192 sentiens,
1030 2144 1238 2197 ingenuum
1251 2142 1355 2183 hunc
1369 2144 1546 2197 juvenem

419 2240 600 2289 tanquam
614 2235 788 2288 clypeum
801 2233 1001 2273 sceleribus
1015 2233 1094 2273 suis
1107 2233 1333 2286 praetendat,
1349 2235 1547 2274 manifesto

462 2417 506 2455 (1)
527 2415 597 2446 Hoc
616 2423 680 2445 non
700 2413 823 2452 proprie
842 2411 1094 2451 intelligendum,
1126 2414 1215 2451 quasi
1234 2412 1359 2443 vincula
1378 2413 1407 2443 ei
1435 2412 1548 2450 injecta

420 2479 589 2509 eintznam
603 2486 661 2508 nec
681 2474 843 2512 συνδήσας
861 2486 908 2507 vs.
933 2479 992 2507 998
1013 2485 1049 2506 eo
1068 2462 1203 2515 spectat,
1225 2480 1256 2507 et
1274 2486 1322 2506 vs.
1347 2479 1436 2513 1086,
1458 2471 1548 2518 ἄφετε
1566 2469 1569 2472 ’

420 2543 494 2573 dicit
512 2543 660 2581 Ulysses,
681 2551 747 2572 non
769 2538 898 2572 λύσατε.
940 2539 1109 2578 Indignum
1129 2539 1189 2569 hoc
1209 2538 1348 2569 futurum
1369 2538 1463 2568 fuisse
1472 2537 1547 2567 Phi-

420 2602 531 2633 locteta
553 2606 583 2634 et
602 2611 676 2634 vero
696 2601 787 2633 etiam
809 2600 941 2639 muse,
963 2602 1043 2630 recte
1064 2599 1169 2630 docuit
1190 2598 1415 2629 Buttmannus.
