1759 3182
930 363 973 397 62

395 466 486 516 quid
524 465 770 516 relinquatur,
805 466 931 513 refert,
967 465 1067 504 unde
1091 465 1180 505 haec
1205 467 1284 519 ipse
1308 465 1505 506 resciverit.

394 552 591 602 Captivum
627 552 847 602 Trojanum,
889 551 1076 589 Helenum
1116 554 1254 599 vatem,
1284 553 1508 604 praedixisse

391 639 431 677 id
466 640 520 678 ita
555 639 632 678 fore
659 652 700 677 ac
736 642 918 691 praeterea
952 639 994 678 in
1020 638 1108 678 fatis
1134 652 1228 685 esse,
1269 642 1313 678 ut
1337 642 1507 679 currente

387 725 456 764 hac
484 728 619 764 aestate
655 726 765 777 Troja
804 727 1093 778 expugnaretur3
1130 725 1163 763 si
1203 724 1318 764 falsus
1346 727 1503 778 reperia-

386 816 450 851 tm·
464 842 475 860 ,
501 827 586 852 eum
614 814 713 851 ultro
740 827 817 852 sese
835 814 947 851 morti
975 812 1163 851 obtulisse.
1218 812 1402 850 Hortatur
1428 814 1502 864 igi-

385 902 449 938 tur
488 899 736 940 Philoctetam
766 901 810 939 ad
838 900 1083 940 voluntariam
1109 899 1383 951 profectionem.
1411 899 1502 937 Pul·
1534 899 1536 901 ’

386 986 517 1026 chrum
545 988 643 1026 enim
670 988 763 1034 fore,
803 988 835 1026 si
864 988 1059 1039 contingat
1087 989 1131 1025 ut
1157 986 1381 1025 Graecorum
1403 998 1501 1025 unus

387 1074 556 1112 omnium
595 1075 821 1113 fortissimus
857 1075 915 1113 vir
950 1088 1026 1112 non
1066 1074 1187 1113 solum
1229 1076 1397 1120 sanetur,
1438 1073 1501 1112 sed

383 1160 496 1200 etiam
523 1163 733 1213 expugnata
760 1161 872 1213 Troja
893 1161 1092 1200 maximam
1118 1160 1190 1200 sibi
1212 1163 1314 1212 paret
1333 1160 1500 1212 gloriam.

435 1245 509 1285 Vel
543 1247 599 1285 sic
637 1250 763 1286 tamen
794 1260 870 1286 non
899 1246 1120 1286 conciliatur
1145 1247 1291 1285 animus
1314 1246 1502 1286 Philocte-

382 1337 457 1382 tae3
486 1349 605 1374 novus
629 1349 711 1374 eum
734 1335 836 1374 subit
863 1339 1001 1382 metus,
1027 1349 1075 1374 ne
1101 1335 1182 1382 ille,
1209 1338 1339 1386 sponte
1360 1335 1500 1373 tradito

382 1434 486 1468 arcu,
512 1421 621 1461 aliam
646 1422 879 1462 machinetur
904 1422 1089 1469 fraudem,
1123 1424 1188 1460 aut
1210 1436 1256 1460 ne
1283 1421 1498 1461 violentiam

380 1508 525 1547 irritam
564 1508 643 1547 fore
673 1508 903 1562 intelligens,
939 1507 1086 1547 blandis
1127 1507 1247 1547 verbis
1289 1508 1390 1547 idem
1426 1508 1499 1547 sibi

379 1594 594 1646 persuadere
633 1598 762 1635 tentet.
817 1595 1035 1634 Certissimo
1071 1596 1190 1647 igitur
1224 1609 1301 1635 non
1329 1596 1497 1643 cedendi,

378 1680 564 1732 quidquid
586 1684 805 1721 eventurum
824 1685 935 1729 esset,
963 1681 1118 1721 consilio
1134 1686 1257 1735 capto,
1283 1697 1385 1723 nunc
1404 1698 1496 1736 quo-

379 1781 452 1818 que
478 1769 512 1806 ei
539 1770 691 1820 obsequi
710 1773 863 1809 recusat.

431 1855 542 1895 Hanc
565 1857 767 1896 orationem
786 1857 948 1910 legentes
975 1858 1104 1898 subeat
1126 1859 1280 1898 fortasse
1294 1859 1495 1907 dubitatio,

375 1957 466 1982 num
493 1944 692 1996 Sophocles
719 1944 1003 1996 Neoptolemum
1029 1944 1092 1983 hic
1115 1945 1266 1984 finxerit
1279 1945 1495 1997 prudentio-

375 2045 453 2070 rem
493 2034 530 2070 et
562 2031 869 2082 eloquentiorem,
909 2044 1021 2082 quam
1057 2045 1078 2069 a
1109 2031 1268 2083 juvenili
1305 2035 1422 2072 aetate
1453 2046 1495 2072 ac

373 2119 549 2160 bellicosa
571 2120 650 2171 ejus
672 2118 797 2158 indole
822 2120 1025 2171 exspectari
1051 2119 1196 2159 licebat.

425 2208 660 2260 Responsum
687 2208 729 2246 in
755 2209 931 2259 promptu
953 2209 1019 2245 est.
1073 2206 1340 2259 Neoptolemus
1359 2220 1422 2258 per
1435 2210 1494 2246 to-

371 2298 450 2334 tam
489 2294 653 2333 fabulam
692 2294 808 2345 patris
847 2294 1008 2333 Achillis
1048 2294 1279 2333 simillimum
1317 2307 1355 2332 se
1380 2295 1494 2346 gerit,

371 2382 447 2420 nisi
487 2381 588 2432 quod
627 2380 765 2433 gloriae
800 2380 927 2420 studio
962 2383 999 2419 et
1033 2381 1173 2432 patriae
1208 2394 1330 2420 amore
1357 2381 1492 2420 ductus
1522 2418 1525 2425 ,

375 2469 547 2520 speciosis
574 2468 723 2520 Ulyssis
751 2467 871 2508 verbis
895 2467 1159 2520 aliquantisper
1173 2467 1291 2520 abripi
1311 2482 1349 2507 se
1363 2460 1492 2520 passus

373 2559 440 2594 est.
493 2557 587 2595 Mox
622 2560 746 2595 tamen
769 2557 932 2608 ingenua
958 2556 1171 2595 commissae
1197 2555 1338 2595 fraudis
1364 2554 1490 2606 indig-
