1759 3182
1469 0 1494 82 :RK-⁴*

962 360 1006 393 56

416 460 652 511 Neoptolemi
669 460 876 508 ministerio
904 472 1096 498 commune
1122 460 1272 499 Graecis
1290 460 1418 500 tulerit
1428 459 1532 497 auxi-

415 537 517 585 uum.

824 617 1055 677 Ἀντιστροφὴ
1084 596 1139 677 γ’..

468 732 711 781 Philoctetes,
742 735 822 795 suis
848 735 890 774 in
915 735 1024 775 rebus
1052 734 1218 783 abditus,
1255 736 1351 776 feras
1376 736 1536 776 infortu-

416 823 473 862 nii
496 823 558 862 sui
582 825 695 863 testes
713 823 815 862 facit.
872 822 1014 870 aVos‚''
1041 824 1182 874 inquit,
1211 835 1326 873 aquas
1339 823 1428 863 haec
1441 826 1537 862 terra

418 913 619 950 nmontana
645 910 731 961 alit,
757 924 833 949 non
860 911 1017 963 amphus
1039 925 1097 950 me
1118 911 1272 963 fugiatis
1294 923 1444 950 necesse
1465 913 1538 958 est3

420 1010 551 1037 neareo
576 998 676 1038 enim
698 998 858 1049 pristino
881 998 1038 1037 telorum
1065 998 1216 1045 auxilio,
1238 997 1379 1036 infelix.
1406 997 1540 1036 Libere

420 1084 521 1123 nhuc
547 1084 727 1131 accedite,
753 1098 857 1123 nunc
883 1085 990 1124 vobis
1016 1085 1185 1124 vicissim
1205 1084 1292 1123 licet
1314 1084 1403 1123 meis
1414 1083 1539 1122 satiari

419 1171 666 1218 misem-ibus,
702 1172 838 1222 quippe
872 1173 937 1221 qui
973 1184 1060 1211 mox
1099 1172 1225 1211 inedia
1263 1174 1300 1210 et
1338 1172 1432 1210 fame
1470 1171 1540 1209 sim

420 1258 664 1309 ‘'periturus''

830 1329 1059 1387 Ἀντιστροφὴ
1086 1327 1136 1371 δ’.

473 1446 618 1485 Chorus
646 1447 807 1493 veritus,
833 1459 879 1484 ne
903 1445 1130 1485 Philoctetes
1157 1446 1271 1484 animi
1295 1445 1545 1496 desperatione

420 1534 606 1573 adductus
645 1534 756 1573 finem
796 1533 896 1572 vitae
934 1533 1121 1584 imponat,
1165 1545 1238 1582 quo
1282 1532 1381 1570 facto
1421 1533 1541 1571 omnis

421 1621 650 1660 Graecorum
677 1632 761 1672 spes
787 1619 896 1657 irrita·
918 1619 1030 1666 foret,
1056 1632 1139 1657 eum
1162 1631 1226 1669 per
1239 1618 1338 1657 Deos
1361 1618 1544 1666 obsecrat,

422 1711 467 1746 ut
498 1708 592 1745 iram
626 1706 790 1757 mitiget,
816 1704 930 1755 idque
957 1718 1023 1743 sua
1045 1706 1162 1756 ipsius
1189 1719 1332 1753 caussa,
1359 1709 1403 1745 ut
1416 1706 1545 1746 libere-

424 1797 488 1832 tur
527 1807 548 1831 a
583 1792 727 1839 morbo,
763 1797 838 1830 tam
875 1804 939 1843 per
973 1804 1013 1829 se
1048 1805 1158 1842 quam
1193 1796 1341 1845 propter
1371 1807 1546 1848 magnum

424 1881 603 1922 malorum
627 1880 844 1920 comitatum
866 1880 1102 1919 intolerabili.

781 1994 1075 2054 Ἀνομοιόστροφα
1103 1992 1173 2044 (1)-

479 2114 596 2153 Nunc
631 2112 782 2152 demum
809 2111 856 2150 ad
882 2113 1067 2163 postrema
1090 2112 1193 2152 chori
1216 2113 1325 2153 verba
1350 2114 1547 2166 respiciens

470 2269 514 2309 (l)
534 2269 612 2300 Jure
641 2267 861 2298 Lachmannus
890 2267 925 2297 in
950 2267 1028 2298 libro
1049 2267 1087 2298 de
1107 2266 1247 2298 Choricis
1267 2269 1441 2308 systematis
1458 2271 1551 2310 tragi-

429 2337 536 2359 corum
556 2326 763 2363 Graecorum,
785 2335 818 2365 p.
840 2328 912 2360 258,
934 2325 1008 2355 haee
1028 2326 1068 2355 ad
1087 2326 1120 2355 id
1140 2327 1310 2358 carminum
1331 2337 1427 2366 genus
1441 2328 1549 2365 refert,

428 2385 512 2424 quod
537 2384 624 2414 nulla¹
642 2383 933 2425 antistropbicorum
954 2383 1021 2421 lege
1041 2383 1239 2413 constrictum
1259 2389 1322 2422 est3
1354 2394 1445 2424 quem
1464 2394 1550 2416 secu-

428 2448 479 2475 tus
508 2443 723 2478 Hermannus,
753 2450 848 2480 quum
882 2442 914 2471 in
945 2441 1046 2481 priore
1080 2441 1214 2473 editione
1247 2446 1347 2474 totum
1375 2452 1499 2474 carmen
1516 2444 1550 2473 in

429 2504 571 2550 προῳδόν
582 2528 592 2545 ,
617 2505 751 2545 quinque
772 2502 906 2547 στροφάς
926 2506 956 2533 et
976 2502 1180 2548 ἀντιστροφάς
1193 2502 1384 2549 811111ἑπῳὸῷ
1394 2505 1551 2536 distinxis-

430 2581 492 2611 set,
516 2574 548 2604 in
569 2574 664 2604 altera
684 2573 732 2603 ed.
756 2573 910 2611 inscripsit
929 2572 1054 2603 nomine
1074 2570 1354 2617 ἀνομοιοστρόφων,
