1759 3182
774 374 817 411 27

237 479 358 526 deret,
380 479 602 519 salutaribus
620 479 742 520 herbis
769 480 921 520 sedaret.
975 480 1137 524 Quando
1153 483 1278 519 autem
1293 479 1359 518 do-

235 565 293 604 lor
318 567 538 615 remisisset,
564 567 754 607 oberrabat
768 570 813 606 ut
824 567 950 607 infans
971 568 1120 607 nutrice
1134 568 1359 613 destitutus,

235 652 403 704 undique
428 654 611 693 malorum
633 654 799 694 levamen
818 668 1005 705 quaerens.

678 765 815 819 Στροφή
846 757 897 815 β’.

287 870 402 909 Porro
428 873 545 910 terrae
561 868 746 922 ,frugibus
775 872 966 919 ceteroque
990 867 1158 907 humano
1178 868 1283 908 victu
1298 881 1357 907 ca-

234 971 336 1003 rens,
350 957 517 996 volucres
530 959 680 995 tantum
694 950 916 1008 sagittarum
938 970 1006 1008 ope
1032 956 1200 995 venando
1223 957 1359 996 famem

235 1043 376 1091 sedare,
403 1046 440 1082 et
463 1043 567 1083 sitim
594 1042 713 1082 levare
727 1056 804 1081 non
820 1041 923 1082 dulci
936 1043 1025 1083 vino
1039 1073 1049 1091 ,
1073 1043 1137 1083 sed
1151 1044 1360 1097 stagnantis

236 1143 351 1182 aquae
373 1129 513 1168 haustu
539 1143 602 1181 per
625 1129 843 1168 decennium
874 1129 1013 1169 debuit.

644 1234 873 1294 Ἀντιστροφή
902 1233 953 1292 β’.
1004 1271 1007 1273 -

290 1327 364 1366 His
391 1327 550 1366 miseriis
573 1326 707 1366 chorus
736 1328 891 1379 opponit
914 1327 1046 1366 laetam
1063 1328 1174 1366 sortis
1189 1341 1360 1367 eommu-

235 1415 431 1462 tationem,
458 1415 558 1465 quod
581 1428 700 1462 nunc,
726 1415 1006 1466 magnanimum
1024 1415 1201 1465 juvenem
1225 1418 1359 1454 nactus

238 1501 418 1549 amicum,
446 1500 537 1541 felix
563 1504 600 1540 et
625 1503 756 1553 potens
782 1514 803 1539 e
828 1500 937 1540 malis
963 1500 1040 1539 illis
1066 1514 1274 1540 emersmus
1289 1502 1360 1549 sit,

237 1591 446 1631 Philocteta
471 1594 669 1643 postquam
695 1592 741 1631 ab
767 1605 809 1630 eo
832 1592 874 1630 in
887 1592 1044 1643 patriam
1058 1592 1171 1631 fuerit
1183 1592 1360 1632 reduetus

238 1678 284 1718 ad
306 1678 477 1732 Sperchei
500 1679 615 1732 ripas,
638 1678 738 1719 unde
759 1677 957 1727 Hercules,
979 1678 1168 1731 quondam
1192 1679 1239 1719 ad
1261 1679 1361 1719 Deos

220 1766 425 1813 sublatus,
453 1767 602 1805 coelesti
633 1767 717 1805 luce
743 1767 912 1819 splendet
937 1768 1007 1819 (1).

632 1913 889 1957 ἘΠΕῙΣὸΔῙοΝ
910 1919 957 1955 1³¹.

611 2003 672 2039 Vs.
708 2004 879 2040 714—vs.
908 2004 991 2038 810.

292 2105 318 2143 J
320 2119 380 2145 am
400 2105 668 2157 Neoptolemus
688 2107 725 2144 et
737 2103 963 2143 Philoctetes
978 2104 1019 2143 in
1034 2116 1181 2142 scenam
1195 2103 1362 2143 redeunt.

241 2194 428 2233 Hortante
452 2193 536 2241 illo,
562 2196 606 2232 ut
633 2191 679 2231 ad
702 2205 834 2232 navem
857 2190 1031 2238 tendant,
1053 2189 1133 2238 hic,
1156 2191 1363 2242 quumjam

240 2283 281 2321 in
308 2294 350 2320 eo
377 2284 449 2329 est,
487 2286 531 2320 ut
558 2282 731 2319 votorum
760 2291 909 2331 compos
937 2278 1019 2325 fiat,
1047 2277 1173 2317 subito
1200 2276 1365 2317 vulneris

246 2369 371 2409 dolore
393 2370 489 2408 affici
516 2382 555 2407 se
580 2369 714 2415 sentit,
737 2366 801 2406 sed
827 2366 886 2406 vel
909 2367 964 2405 sio
986 2368 1112 2405 tamen
1125 2364 1223 2405 nihil
1236 2379 1367 2417 quere-

282 2545 325 2583 (1)
346 2543 477 2573 Videtur
496 2545 587 2579 poeta
612 2541 670 2570 hoc
693 2540 761 2570 loeo
780 2539 936 2569 mentione
946 2538 1089 2568 Herculis
1099 2538 1260 2568 inferenda
1273 2538 1367 2569 inter·

242 2606 368 2633 ventum
388 2600 472 2639 ejus,
501 2598 555 2638 qui
575 2598 608 2627 in
629 2601 765 2628 extrema
785 2595 887 2626 fabula
907 2595 1009 2625 locum
1032 2595 1138 2632 habet,
1173 2604 1365 2635 pmeparare.
