1759 3182
699 402 743 440 '19

209 515 276 555 Vs.
304 518 366 555 66.
393 514 517 555 τούτων
547 515 619 571 γὰρ
649 513 749 557 οὐδέν
779 511 989 570 μ’ἀλγυνεΐς.

211 603 481 650 Buttmannus,
516 617 629 654 quum
652 617 788 643 nexum
814 603 1008 643 verborum
1034 615 1111 641 non
1133 602 1274 654 perspi-

160 697 274 742 ceret,
291 728 293 730 .
312 669 378 746 nro
413 696 538 735 τούτων
573 696 666 748 legit
705 696 839 749 τούτῳ,
869 708 1023 746 enmque
1044 697 1192 733 secutus
1219 696 1275 732 est

158 780 371 842 Wnnderus
411 782 452 820 in
491 782 722 821 Philoctetae
757 782 846 821 edit.
866 784 943 829 3²²,
975 782 1144 832 quamvis
1171 784 1207 819 et
1233 782 1275 819 in

159 867 391 909 Adversariis
417 871 454 908 et
479 869 521 908 in
539 869 723 921 prioribus
750 868 856 908 editt.
878 868 1068 922 vulgatam
1080 867 1275 921 praetulis-

161 965 226 1001 set.
279 962 499 1001 Dindorfius
535 975 581 1000 ex
617 962 828 1013 conjectura
867 962 1016 1013 scripsit
1042 960 1200 1014 ἁλγυνεῖ,
1234 963 1277 999 ut

160 1052 260 1094 οὐδὲν
281 1056 360 1106 ejus
386 1055 490 1094 verbi
512 1054 719 1105 subjectum
740 1055 802 1093 sit.
855 1055 1053 1093 Librorum
1066 1068 1153 1093 vero
1165 1054 1278 1092 lectio

161 1145 298 1198 optime
346 1159 385 1186 se
427 1145 552 1186 habet:
598 1145 724 1186 τούτων
762 1117 897 1199 pendet
937 1147 981 1187 ab
1020 1143 1137 1199 οὐδέν,
1178 1144 1279 1196 quod

162 1249 247 1275 cum
272 1234 431 1291 ἀλγυνεῖς
453 1237 753 1290 conjungendum
778 1251 856 1277 esse
880 1241 979 1277 recte
1001 1238 1166 1278 defendit
1180 1238 1279 1277 Her-

162 1338 329 1371 mannuS.
357 1324 434 1364 Cfr.
457 1325 548 1363 Oed.
576 1325 664 1376 Tyr.
692 1327 819 1364 3403:

218 1464 221 1466 ,
280 1415 331 1462 τὶς
358 1416 431 1471 γὰρ
459 1411 585 1456 τοιαῦτ’
618 1415 663 1456 ἂν
693 1415 754 1457 οὐκ
783 1416 829 1457 ἂν
858 1413 1022 1473 ὀργι’ζοιτ’
1054 1420 1122 1461 ἔπη

280 1508 412 1561 κλύων,
444 1509 469 1546 ἃ
499 1513 556 1563 νῆν
586 1509 630 1548 σὺ
659 1506 757 1551 τήνδ’
789 1511 974 1563 ἀτιμάζεις
1005 1511 1124 1561 πόλιν;

218 1680 266 1720 V.
295 1682 355 1720 67.
383 1679 497 1724 λύπην
527 1685 639 1721 πᾶσιν
667 1677 837 1737 Ἀργείοις
868 1681 1000 1735 βαλεῖς.

219 1775 473 1813 Buttmannus
512 1772 632 1824 βαλεῖς
671 1788 738 1825 pro
778 1774 942 1828 ἐμβαλεῖς
982 1776 1124 1815 dictum
1150 1781 1286 1828 putans

168 1869 352 1920 comparat
387 1849 475 1907 Eur.
508 1866 645 1907 Phoen.
686 1869 788 1907 1530
824 1882 831 1906 :
868 1867 984 1922 ἀέριον
1013 1869 1134 1909 σκότον
1163 1871 1288 1923 ὄμμα»
1314 1885 1317 1889 ’

172 1975 207 1999 σι
229 2020 232 2023 Δ
256 1960 348 1999 σοῖσι
397 1958 541 2012 βαλών,
573 1960 620 1999 ad
656 1974 762 2012 quem
801 1960 926 2000 locum
970 1965 1092 2002 tamen
1133 1963 1283 2003 Geelius

169 2055 325 2105 requirit
364 2054 516 2093 verbum
538 2052 770 2105 ἐπιβάλλειν,
802 2055 902 2104 quod
928 2056 1096 2094 tenebrae
1121 2070 1199 2094 non
1226 2059 1286 2094 in-

160 2142 370 2193 jiciantur,
398 2140 461 2179 sed
488 2140 729 2191 objiciantur,
756 2142 793 2179 et
810 2153 927 2191 nuper
941 2139 1177 2194 Hartungius
1193 2142 1285 2180 scri-

171 2234 331 2274 bendum
352 2248 430 2273 esse
451 2233 657 2285 judicavit:
672 2228 727 2271 ἐπ’
747 2234 879 2284 ὄμμασι
901 2234 992 2271 σοῖσι
1009 2231 1144 2283 βαλών.
1173 2235 1286 2272 Simi-

170 2323 218 2363 lis
245 2321 348 2362 verbi
375 2302 623 2368 constructio,
656 2319 721 2360 sed
747 2319 921 2359 dissimili
957 2333 1066 2359 sensu
1099 2324 1155 2360 est
1191 2321 1283 2361 Tra-

172 2417 271 2457 chin.
299 2431 335 2457 v.
363 2418 460 2456 901:
487 2412 637 2468 δεμνίοις
668 2414 736 2458 τοῖς
766 2407 987 2468 Ἡρακλείοις
1016 2414 1155 2468 στρωτὰ
1187 2412 1288 2466 βάλ-

172 2511 298 2566 λουσαν
327 2511 434 2563 φάρη.
491 2507 790 2547 Schneidewinus
821 2520 888 2559 pro
910 2506 1087 2546 insolenti
1100 2507 1170 2546 hac
1182 2508 1288 2548 locu-
1337 2521 1339 2523 ’

174 2604 277 2643 tione
285 2601 480 2656 legendum
494 2602 704 2654 suspicatur
721 2614 799 2641 esse
810 2600 905 2655 ἀρεῖς
917 2630 931 2653 ,
962 2613 1078 2652 quum
1091 2601 1302 2655 Sophocles.
