<?xml version="1.0" encoding="UTF-8"?>
<!DOCTYPE html PUBLIC "-//W3C//DTD XHTML 1.0 Transitional//EN"
    "http://www.w3.org/TR/xhtml1/DTD/xhtml1-transitional.dtd">
<html xmlns="http://www.w3.org/1999/xhtml" xml:lang="en" lang="en">
 <head>
  <title>
</title>
<meta http-equiv="Content-Type" content="text/html;charset=utf-8" />
  <meta name='ocr-system' content='tesseract 3.04.00' />
  <meta name='ocr-capabilities' content='ocr_page ocr_carea ocr_par ocr_line ocrx_word'/>
</head>
<body>
  <div class='ocr_page' id='page_1' title='image "./4771410_0084.png"; bbox 0 0 1759 3182; ppageno 0'>
   <div class='ocr_carea' id='block_1_1' title="bbox 977 367 1021 402">
    <p class='ocr_par' dir='ltr' id='par_1_1' title="bbox 977 367 1021 402">
     <span class='ocr_line' id='line_1_1' title="bbox 977 367 1021 402; baseline -0.068 0"><span class='ocrx_word' id='word_1_1' title='bbox 977 367 1021 402; x_wconf 75' lang='lat'><strong>¹10</strong></span> 
     </span>
    </p>
   </div>
   <div class='ocr_carea' id='block_1_2' title="bbox 396 469 1556 2534">
    <p class='ocr_par' dir='ltr' id='par_1_2' title="bbox 423 469 1556 1226">
     <span class='ocr_line' id='line_1_2' title="bbox 440 469 1556 523; baseline 0.004 -15"><span class='ocrx_word' id='word_1_2' title='bbox 440 483 591 520; x_wconf 89' lang='lat' dir='ltr'><strong>quoque</strong></span> <span class='ocrx_word' id='word_1_3' title='bbox 606 471 751 509; x_wconf 86' lang='lat' dir='ltr'><strong>monito</strong></span> <span class='ocrx_word' id='word_1_4' title='bbox 772 470 972 509; x_wconf 77' lang='lat' dir='ltr'><strong>obsecutus</strong></span> <span class='ocrx_word' id='word_1_5' title='bbox 999 469 1227 510; x_wconf 81' lang='lat' dir='ltr'><strong>Philoctetes</strong></span> <span class='ocrx_word' id='word_1_6' title='bbox 1242 475 1432 523; x_wconf 86' lang='lat' dir='ltr'><strong>postremo</strong></span> <span class='ocrx_word' id='word_1_7' title='bbox 1458 472 1556 512; x_wconf 73' lang='lat' dir='ltr'><strong>vele-</strong></span> 
     </span>
     <span class='ocr_line' id='line_1_3' title="bbox 438 556 1555 612; baseline 0.004 -16"><span class='ocrx_word' id='word_1_8' title='bbox 438 557 531 596; x_wconf 85' lang='lat' dir='ltr'><strong>dicit</strong></span> <span class='ocrx_word' id='word_1_9' title='bbox 551 558 673 603; x_wconf 87' lang='lat' dir='ltr'><strong>antro,</strong></span> <span class='ocrx_word' id='word_1_10' title='bbox 700 556 740 595; x_wconf 91' lang='lat' dir='ltr'><strong>in</strong></span> <span class='ocrx_word' id='word_1_11' title='bbox 767 568 841 607; x_wconf 90' lang='lat' dir='ltr'><strong>quo</strong></span> <span class='ocrx_word' id='word_1_12' title='bbox 868 559 927 596; x_wconf 88' lang='lat' dir='ltr'><strong>tot</strong></span> <span class='ocrx_word' id='word_1_13' title='bbox 954 570 1070 596; x_wconf 85' lang='lat' dir='ltr'><strong>annos</strong></span> <span class='ocrx_word' id='word_1_14' title='bbox 1089 560 1256 597; x_wconf 80' lang='lat' dir='ltr'><strong>moratus</strong></span> <span class='ocrx_word' id='word_1_15' title='bbox 1264 561 1361 607; x_wconf 85' lang='lat' dir='ltr'><strong>erat,</strong></span> <span class='ocrx_word' id='word_1_16' title='bbox 1382 563 1420 600; x_wconf 91' lang='lat' dir='ltr'><strong>et</strong></span> <span class='ocrx_word' id='word_1_17' title='bbox 1432 561 1555 612; x_wconf 81' lang='lat' dir='ltr'><strong>Nym-</strong></span> 
     </span>
     <span class='ocr_line' id='line_1_4' title="bbox 434 643 1554 695; baseline 0.004 -14"><span class='ocrx_word' id='word_1_18' title='bbox 434 643 518 694; x_wconf 88' lang='lat' dir='ltr'><strong>phis</strong></span> <span class='ocrx_word' id='word_1_19' title='bbox 553 644 696 695; x_wconf 82' lang='lat' dir='ltr'><strong>irrigua</strong></span> <span class='ocrx_word' id='word_1_20' title='bbox 726 646 830 694; x_wconf 82' lang='lat' dir='ltr'><strong>prata</strong></span> <span class='ocrx_word' id='word_1_21' title='bbox 865 643 1133 691; x_wconf 77' lang='lat' dir='ltr'><strong>incolentibus,</strong></span> <span class='ocrx_word' id='word_1_22' title='bbox 1173 647 1210 682; x_wconf 93' lang='lat' dir='ltr'><strong>et</strong></span> <span class='ocrx_word' id='word_1_23' title='bbox 1242 644 1416 684; x_wconf 74' lang='lat' dir='ltr'><strong>alluentia</strong></span> <span class='ocrx_word' id='word_1_24' title='bbox 1441 647 1554 685; x_wconf 82' lang='lat' dir='ltr'><strong>maris</strong></span> 
     </span>
     <span class='ocr_line' id='line_1_5' title="bbox 431 704 1553 786; baseline 0.003 -15"><span class='ocrx_word' id='word_1_25' title='bbox 431 732 564 779; x_wconf 89' lang='lat' dir='ltr'><strong>undis,</strong></span> <span class='ocrx_word' id='word_1_26' title='bbox 586 704 739 783; x_wconf 39' lang='lat' dir='ltr'><strong>&#39;quibus</strong></span> <span class='ocrx_word' id='word_1_27' title='bbox 774 733 887 772; x_wconf 87' lang='lat' dir='ltr'><strong>toties</strong></span> <span class='ocrx_word' id='word_1_28' title='bbox 924 735 1036 784; x_wconf 85' lang='lat' dir='ltr'><strong>caput</strong></span> <span class='ocrx_word' id='word_1_29' title='bbox 1062 746 1174 772; x_wconf 87' lang='lat' dir='ltr'><strong>suum</strong></span> <span class='ocrx_word' id='word_1_30' title='bbox 1197 733 1553 786; x_wconf 22' lang='lat' dir='ltr'><strong>irrigaveratvaustri</strong></span> 
     </span>
     <span class='ocr_line' id='line_1_6' title="bbox 427 819 1552 874; baseline 0 -14"><span class='ocrx_word' id='word_1_31' title='bbox 427 821 550 860; x_wconf 79' lang='lat' dir='ltr'><strong>flatus.</strong></span> <span class='ocrx_word' id='word_1_32' title='bbox 604 819 751 859; x_wconf 76' lang='lat' dir='ltr'>Salutat</span> <span class='ocrx_word' id='word_1_33' title='bbox 787 823 824 859; x_wconf 92' lang='lat' dir='ltr'><strong>et</strong></span> <span class='ocrx_word' id='word_1_34' title='bbox 871 819 1074 860; x_wconf 88' lang='lat' dir='ltr'><strong>Hermeum</strong></span> <span class='ocrx_word' id='word_1_35' title='bbox 1115 823 1298 868; x_wconf 89' lang='lat' dir='ltr'><strong>montem,</strong></span> <span class='ocrx_word' id='word_1_36' title='bbox 1340 821 1406 871; x_wconf 89' lang='lat' dir='ltr'><strong>qui</strong></span> <span class='ocrx_word' id='word_1_37' title='bbox 1447 834 1552 874; x_wconf 80' lang='lat' dir='ltr'>saepe</span> 
     </span>
     <span class='ocr_line' id='line_1_7' title="bbox 427 905 1548 959; baseline 0.002 -14"><span class='ocrx_word' id='word_1_38' title='bbox 427 908 591 959; x_wconf 79' lang='lat' dir='ltr'><strong>gemitus</strong></span> <span class='ocrx_word' id='word_1_39' title='bbox 612 920 698 945; x_wconf 90' lang='lat' dir='ltr'><strong>suos</strong></span> <span class='ocrx_word' id='word_1_40' title='bbox 710 907 936 954; x_wconf 83' lang='lat' dir='ltr'><strong>reddiderat3</strong></span> <span class='ocrx_word' id='word_1_41' title='bbox 965 907 1141 946; x_wconf 79' lang='lat' dir='ltr'><strong>valedicit</strong></span> <span class='ocrx_word' id='word_1_42' title='bbox 1153 907 1338 954; x_wconf 74' lang='lat' dir='ltr'><strong>fontibus,</strong></span> <span class='ocrx_word' id='word_1_43' title='bbox 1365 905 1431 958; x_wconf 82' lang='lat' dir='ltr'><strong>qui</strong></span> <span class='ocrx_word' id='word_1_44' title='bbox 1444 909 1548 948; x_wconf 89' lang='lat' dir='ltr'><strong>sitim</strong></span> 
     </span>
     <span class='ocr_line' id='line_1_8' title="bbox 427 993 1547 1045; baseline 0.002 -13"><span class='ocrx_word' id='word_1_45' title='bbox 427 1007 533 1032; x_wconf 90' lang='lat' dir='ltr'><strong>suam</strong></span> <span class='ocrx_word' id='word_1_46' title='bbox 568 993 795 1041; x_wconf 83' lang='lat' dir='ltr'><strong>levaverant,</strong></span> <span class='ocrx_word' id='word_1_47' title='bbox 831 994 1008 1032; x_wconf 83' lang='lat' dir='ltr'><strong>Lemniae</strong></span> <span class='ocrx_word' id='word_1_48' title='bbox 1045 994 1202 1044; x_wconf 88' lang='lat' dir='ltr'><strong>denique</strong></span> <span class='ocrx_word' id='word_1_49' title='bbox 1227 997 1359 1042; x_wconf 87' lang='lat' dir='ltr'><strong>terrae,</strong></span> <span class='ocrx_word' id='word_1_50' title='bbox 1385 1008 1478 1045; x_wconf 84' lang='lat' dir='ltr'><strong>quae</strong></span> <span class='ocrx_word' id='word_1_51' title='bbox 1503 998 1547 1034; x_wconf 91' lang='lat' dir='ltr'><strong>ut</strong></span> 
     </span>
     <span class='ocr_line' id='line_1_9' title="bbox 425 1080 1548 1132; baseline 0.003 -13"><span class='ocrx_word' id='word_1_52' title='bbox 425 1094 464 1120; x_wconf 90' lang='lat' dir='ltr'><strong>se</strong></span> <span class='ocrx_word' id='word_1_53' title='bbox 484 1080 712 1120; x_wconf 87' lang='lat' dir='ltr'><strong>incolumem</strong></span> <span class='ocrx_word' id='word_1_54' title='bbox 741 1081 795 1120; x_wconf 92' lang='lat' dir='ltr'><strong>ire</strong></span> <span class='ocrx_word' id='word_1_55' title='bbox 817 1082 921 1131; x_wconf 85' lang='lat' dir='ltr'><strong>sinat</strong></span> <span class='ocrx_word' id='word_1_56' title='bbox 938 1094 997 1128; x_wconf 89' lang='lat' dir='ltr'><strong>eo,</strong></span> <span class='ocrx_word' id='word_1_57' title='bbox 1024 1094 1100 1132; x_wconf 91' lang='lat' dir='ltr'><strong>quo</strong></span> <span class='ocrx_word' id='word_1_58' title='bbox 1122 1081 1257 1121; x_wconf 80' lang='lat' dir='ltr'><strong>Fatum</strong></span> <span class='ocrx_word' id='word_1_59' title='bbox 1284 1085 1321 1121; x_wconf 89' lang='lat' dir='ltr'><strong>et</strong></span> <span class='ocrx_word' id='word_1_60' title='bbox 1341 1083 1548 1122; x_wconf 86' lang='lat' dir='ltr'><strong>amicorum.</strong></span> 
     </span>
     <span class='ocr_line' id='line_1_10' title="bbox 423 1141 1232 1226; baseline 0.001 -20"><span class='ocrx_word' id='word_1_61' title='bbox 423 1168 607 1206; x_wconf 87' lang='lat' dir='ltr'><strong>sententia</strong></span> <span class='ocrx_word' id='word_1_62' title='bbox 625 1167 746 1226; x_wconf 23' lang='lat' dir='ltr'><strong>etndei</strong></span> <span class='ocrx_word' id='word_1_63' title='bbox 773 1180 913 1206; x_wconf 89' lang='lat' dir='ltr'><strong>numen</strong></span> <span class='ocrx_word' id='word_1_64' title='bbox 922 1141 1092 1215; x_wconf 42' lang='lat' dir='ltr'><strong>“vocene</strong></span> <span class='ocrx_word' id='word_1_65' title='bbox 1119 1171 1232 1220; x_wconf 83' lang='lat' dir='ltr'><strong>optat.</strong></span> 
     </span>
    </p>

    <p class='ocr_par' dir='ltr' id='par_1_3' title="bbox 417 1255 1545 1481">
     <span class='ocr_line' id='line_1_11' title="bbox 472 1255 1545 1308; baseline 0.003 -15"><span class='ocrx_word' id='word_1_66' title='bbox 472 1255 667 1294; x_wconf 89' lang='lat' dir='ltr'><strong>Postremo</strong></span> <span class='ocrx_word' id='word_1_67' title='bbox 708 1255 842 1294; x_wconf 90' lang='lat' dir='ltr'><strong>chorus</strong></span> <span class='ocrx_word' id='word_1_68' title='bbox 866 1271 874 1294; x_wconf 81' lang='lat' dir='ltr'><em>z</em></span> <span class='ocrx_word' id='word_1_69' title='bbox 905 1255 1070 1294; x_wconf 77' lang='lat' dir='ltr'><strong>nCuncti</strong></span> <span class='ocrx_word' id='word_1_70' title='bbox 1089 1256 1249 1308; x_wconf 89' lang='lat' dir='ltr'><strong>igitur&#39;&#39;,</strong></span> <span class='ocrx_word' id='word_1_71' title='bbox 1275 1257 1417 1306; x_wconf 88' lang='lat' dir='ltr'><strong>inquit,</strong></span> <span class='ocrx_word' id='word_1_72' title='bbox 1446 1271 1545 1296; x_wconf 71' lang='lat' dir='ltr'><strong>uuna</strong></span> 
     </span>
     <span class='ocr_line' id='line_1_12' title="bbox 420 1341 1544 1404; baseline 0.004 -24"><span class='ocrx_word' id='word_1_73' title='bbox 420 1342 633 1389; x_wconf 71' lang='lat' dir='ltr'><strong>aabeamus,</strong></span> <span class='ocrx_word' id='word_1_74' title='bbox 674 1341 870 1394; x_wconf 79' lang='lat' dir='ltr'><strong>Nymphas</strong></span> <span class='ocrx_word' id='word_1_75' title='bbox 910 1343 1091 1404; x_wconf 80' lang='lat' dir='ltr'><strong>marinas,</strong></span> <span class='ocrx_word' id='word_1_76' title='bbox 1131 1343 1176 1382; x_wconf 85' lang='lat' dir='ltr'><strong>ut</strong></span> <span class='ocrx_word' id='word_1_77' title='bbox 1210 1343 1358 1383; x_wconf 86' lang='lat' dir='ltr'><strong>itineris</strong></span> <span class='ocrx_word' id='word_1_78' title='bbox 1391 1345 1544 1387; x_wconf 84' lang='lat' dir='ltr'><strong>comites</strong></span> 
     </span>
     <span class='ocr_line' id='line_1_13' title="bbox 417 1429 1152 1481; baseline 0.003 -15"><span class='ocrx_word' id='word_1_79' title='bbox 417 1429 549 1467; x_wconf 73' lang='lat' dir='ltr'><strong>anobis</strong></span> <span class='ocrx_word' id='word_1_80' title='bbox 576 1430 790 1468; x_wconf 81' lang='lat' dir='ltr'><strong>servatrices</strong></span> <span class='ocrx_word' id='word_1_81' title='bbox 814 1429 955 1477; x_wconf 84' lang='lat' dir='ltr'><strong>adsint,</strong></span> <span class='ocrx_word' id='word_1_82' title='bbox 981 1431 1152 1481; x_wconf 87' lang='lat' dir='ltr'><strong>precati.”</strong></span> 
     </span>
    </p>

    <p class='ocr_par' dir='ltr' id='par_1_4' title="bbox 396 1517 1540 2534">
     <span class='ocr_line' id='line_1_14' title="bbox 469 1517 1540 1569; baseline 0.003 -13"><span class='ocrx_word' id='word_1_83' title='bbox 469 1517 543 1556; x_wconf 90' lang='lat' dir='ltr'><strong>His</strong></span> <span class='ocrx_word' id='word_1_84' title='bbox 589 1517 785 1568; x_wconf 75' lang='lat' dir='ltr'><strong>expositis,</strong></span> <span class='ocrx_word' id='word_1_85' title='bbox 825 1517 857 1556; x_wconf 89' lang='lat' dir='ltr'><strong>si</strong></span> <span class='ocrx_word' id='word_1_86' title='bbox 889 1517 966 1568; x_wconf 84' lang='lat' dir='ltr'><strong>jam</strong></span> <span class='ocrx_word' id='word_1_87' title='bbox 993 1517 1200 1568; x_wconf 86' lang='lat' dir='ltr'><strong>quaeritur,</strong></span> <span class='ocrx_word' id='word_1_88' title='bbox 1226 1518 1450 1569; x_wconf 88' lang='lat' dir='ltr'><strong>quodnam</strong></span> <span class='ocrx_word' id='word_1_89' title='bbox 1478 1520 1540 1559; x_wconf 91' lang='lat' dir='ltr'><strong>sit</strong></span> 
     </span>
     <span class='ocr_line' id='line_1_15' title="bbox 411 1605 1536 1656; baseline 0.002 -13"><span class='ocrx_word' id='word_1_90' title='bbox 411 1605 593 1644; x_wconf 87' lang='lat' dir='ltr'><strong>fabulae</strong></span> <span class='ocrx_word' id='word_1_91' title='bbox 637 1605 902 1656; x_wconf 87' lang='lat' dir='ltr'><strong>primarium</strong></span> <span class='ocrx_word' id='word_1_92' title='bbox 940 1607 1249 1656; x_wconf 86' lang='lat' dir='ltr'><strong>argumentum</strong></span> <span class='ocrx_word' id='word_1_93' title='bbox 1285 1605 1364 1644; x_wconf 89' lang='lat' dir='ltr'><strong>sive</strong></span> <span class='ocrx_word' id='word_1_94' title='bbox 1408 1619 1536 1656; x_wconf 84' lang='lat' dir='ltr'><strong>quam</strong></span> 
     </span>
     <span class='ocr_line' id='line_1_16' title="bbox 412 1691 1537 1746; baseline 0.001 -15"><span class='ocrx_word' id='word_1_95' title='bbox 412 1691 689 1731; x_wconf 85' lang='lat' dir='ltr'><strong>sententiam</strong></span> <span class='ocrx_word' id='word_1_96' title='bbox 731 1693 868 1743; x_wconf 79' lang='lat' dir='ltr'><strong>poeta</strong></span> <span class='ocrx_word' id='word_1_97' title='bbox 907 1704 954 1729; x_wconf 87' lang='lat' dir='ltr'><strong>ea</strong></span> <span class='ocrx_word' id='word_1_98' title='bbox 985 1691 1231 1743; x_wconf 84' lang='lat' dir='ltr'><strong>exprimere</strong></span> <span class='ocrx_word' id='word_1_99' title='bbox 1257 1691 1348 1731; x_wconf 91' lang='lat' dir='ltr'><strong>sibi</strong></span> <span class='ocrx_word' id='word_1_100' title='bbox 1374 1706 1537 1746; x_wconf 90' lang='lat' dir='ltr'><strong>propo-</strong></span> 
     </span>
     <span class='ocr_line' id='line_1_17' title="bbox 409 1779 1536 1837; baseline 0.002 -19"><span class='ocrx_word' id='word_1_101' title='bbox 409 1780 548 1818; x_wconf 89' lang='lat' dir='ltr'><strong>situm</strong></span> <span class='ocrx_word' id='word_1_102' title='bbox 581 1779 807 1837; x_wconf 82' lang='lat' dir='ltr'><strong>habuerit,</strong></span> <span class='ocrx_word' id='word_1_103' title='bbox 843 1779 883 1817; x_wconf 89' lang='lat' dir='ltr'><strong>id</strong></span> <span class='ocrx_word' id='word_1_104' title='bbox 923 1792 1008 1817; x_wconf 90' lang='lat' dir='ltr'><strong>cum</strong></span> <span class='ocrx_word' id='word_1_105' title='bbox 1048 1793 1068 1817; x_wconf 90' lang='lat' dir='ltr'><strong>e</strong></span> <span class='ocrx_word' id='word_1_106' title='bbox 1093 1780 1211 1819; x_wconf 89' lang='lat' dir='ltr'><strong>totius</strong></span> <span class='ocrx_word' id='word_1_107' title='bbox 1248 1780 1423 1819; x_wconf 83' lang='lat' dir='ltr'><strong>dramatis</strong></span> <span class='ocrx_word' id='word_1_108' title='bbox 1447 1795 1536 1820; x_wconf 89' lang='lat' dir='ltr'><strong>con-</strong></span> 
     </span>
     <span class='ocr_line' id='line_1_18' title="bbox 407 1866 1532 1919; baseline 0.004 -14"><span class='ocrx_word' id='word_1_109' title='bbox 407 1869 532 1914; x_wconf 85' lang='lat' dir='ltr'><strong>textu,</strong></span> <span class='ocrx_word' id='word_1_110' title='bbox 572 1869 657 1906; x_wconf 86' lang='lat' dir='ltr'><strong>tum</strong></span> <span class='ocrx_word' id='word_1_111' title='bbox 705 1867 818 1906; x_wconf 88' lang='lat' dir='ltr'><strong>etiam</strong></span> <span class='ocrx_word' id='word_1_112' title='bbox 874 1880 1043 1919; x_wconf 85' lang='lat' dir='ltr'><strong>apparere</strong></span> <span class='ocrx_word' id='word_1_113' title='bbox 1079 1866 1175 1907; x_wconf 90' lang='lat' dir='ltr'><strong>mihi</strong></span> <span class='ocrx_word' id='word_1_114' title='bbox 1215 1867 1363 1908; x_wconf 85' lang='lat' dir='ltr'><strong>videtur</strong></span> <span class='ocrx_word' id='word_1_115' title='bbox 1402 1883 1422 1908; x_wconf 92' lang='lat' dir='ltr'><strong>e</strong></span> <span class='ocrx_word' id='word_1_116' title='bbox 1461 1883 1532 1910; x_wconf 87' lang='lat' dir='ltr'><strong>vss.</strong></span> 
     </span>
     <span class='ocr_line' id='line_1_19' title="bbox 407 1953 1533 2007; baseline 0.002 -15"><span class='ocrx_word' id='word_1_117' title='bbox 407 1956 669 1993; x_wconf 78' lang='lat'>1412—1415</span> <span class='ocrx_word' id='word_1_118' title='bbox 683 1983 693 2001; x_wconf 94' lang='lat'><strong>,</strong></span> <span class='ocrx_word' id='word_1_119' title='bbox 720 1954 856 2004; x_wconf 84' lang='lat' dir='ltr'><strong>quibus</strong></span> <span class='ocrx_word' id='word_1_120' title='bbox 885 1953 1066 1992; x_wconf 88' lang='lat' dir='ltr'><strong>Hercules</strong></span> <span class='ocrx_word' id='word_1_121' title='bbox 1092 1953 1338 1993; x_wconf 88' lang='lat' dir='ltr'><strong>Philoctetam</strong></span> <span class='ocrx_word' id='word_1_122' title='bbox 1366 1955 1533 2007; x_wconf 88' lang='lat' dir='ltr'><strong>Neopto-</strong></span> 
     </span>
     <span class='ocr_line' id='line_1_20' title="bbox 402 2021 1532 2093; baseline 0.002 -12"><span class='ocrx_word' id='word_1_123' title='bbox 402 2043 614 2092; x_wconf 91' lang='lat' dir='ltr'><strong>lemumque</strong></span> <span class='ocrx_word' id='word_1_124' title='bbox 647 2042 810 2093; x_wconf 85' lang='lat' dir='ltr'><strong>graviter</strong></span> <span class='ocrx_word' id='word_1_125' title='bbox 832 2021 1027 2088; x_wconf 36' lang='lat' dir='ltr'><strong>hortatum</strong></span> <span class='ocrx_word' id='word_1_126' title='bbox 1046 2044 1110 2088; x_wconf 91' lang='lat' dir='ltr'><strong>ut,</strong></span> <span class='ocrx_word' id='word_1_127' title='bbox 1136 2029 1331 2093; x_wconf 86' lang='lat' dir='ltr'><strong>postquam</strong></span> <span class='ocrx_word' id='word_1_128' title='bbox 1355 2042 1532 2083; x_wconf 89' lang='lat' dir='ltr'><strong>ditionem</strong></span> 
     </span>
     <span class='ocr_line' id='line_1_21' title="bbox 403 2128 1529 2182; baseline 0.002 -13"><span class='ocrx_word' id='word_1_129' title='bbox 403 2130 602 2182; x_wconf 84' lang='lat' dir='ltr'><strong>Trojanam</strong></span> <span class='ocrx_word' id='word_1_130' title='bbox 630 2129 919 2176; x_wconf 88' lang='lat' dir='ltr'><strong>devastaverint,</strong></span> <span class='ocrx_word' id='word_1_131' title='bbox 957 2129 1042 2168; x_wconf 89' lang='lat' dir='ltr'><strong>deos</strong></span> <span class='ocrx_word' id='word_1_132' title='bbox 1071 2128 1195 2169; x_wconf 88' lang='lat' dir='ltr'><strong>colant</strong></span> <span class='ocrx_word' id='word_1_133' title='bbox 1218 2133 1254 2169; x_wconf 91' lang='lat' dir='ltr'><strong>et</strong></span> <span class='ocrx_word' id='word_1_134' title='bbox 1280 2134 1529 2171; x_wconf 84' lang='lat' dir='ltr'><strong>revereantur:</strong></span> 
     </span>
     <span class='ocr_line' id='line_1_22' title="bbox 401 2218 1531 2271; baseline 0.001 -13"><span class='ocrx_word' id='word_1_135' title='bbox 401 2223 540 2271; x_wconf 87' lang='lat' dir='ltr'><strong>patrem</strong></span> <span class='ocrx_word' id='word_1_136' title='bbox 568 2219 676 2262; x_wconf 49' lang='lat' dir='ltr'><strong>enim,</strong></span> <span class='ocrx_word' id='word_1_137' title='bbox 694 2218 721 2256; x_wconf 88' lang='lat' dir='ltr'><strong>J</strong></span> <span class='ocrx_word' id='word_1_138' title='bbox 722 2231 828 2257; x_wconf 85' lang='lat' dir='ltr'><strong>ovem</strong></span> <span class='ocrx_word' id='word_1_139' title='bbox 856 2220 976 2256; x_wconf 87' lang='lat' dir='ltr'><strong>cetera</strong></span> <span class='ocrx_word' id='word_1_140' title='bbox 998 2219 1124 2257; x_wconf 85' lang='lat' dir='ltr'><strong>omnia</strong></span> <span class='ocrx_word' id='word_1_141' title='bbox 1150 2218 1367 2269; x_wconf 86' lang='lat' dir='ltr'><strong>posthabere</strong></span> <span class='ocrx_word' id='word_1_142' title='bbox 1384 2221 1531 2271; x_wconf 86' lang='lat' dir='ltr'><strong>pietati,</strong></span> 
     </span>
     <span class='ocr_line' id='line_1_23' title="bbox 399 2304 1529 2357; baseline 0.002 -13"><span class='ocrx_word' id='word_1_143' title='bbox 399 2319 494 2357; x_wconf 84' lang='lat' dir='ltr'><strong>quae</strong></span> <span class='ocrx_word' id='word_1_144' title='bbox 532 2318 610 2344; x_wconf 93' lang='lat' dir='ltr'><strong>non</strong></span> <span class='ocrx_word' id='word_1_145' title='bbox 650 2307 772 2357; x_wconf 87' lang='lat' dir='ltr'><strong>pereat</strong></span> <span class='ocrx_word' id='word_1_146' title='bbox 795 2318 880 2343; x_wconf 91' lang='lat' dir='ltr'><strong>cum</strong></span> <span class='ocrx_word' id='word_1_147' title='bbox 900 2304 1144 2354; x_wconf 86' lang='lat' dir='ltr'><strong>mortalibus,</strong></span> <span class='ocrx_word' id='word_1_148' title='bbox 1172 2306 1236 2345; x_wconf 86' lang='lat' dir='ltr'><strong>sed</strong></span> <span class='ocrx_word' id='word_1_149' title='bbox 1261 2310 1423 2355; x_wconf 88' lang='lat' dir='ltr'><strong>maneat,</strong></span> <span class='ocrx_word' id='word_1_150' title='bbox 1451 2308 1529 2348; x_wconf 88' lang='lat' dir='ltr'><strong>sive</strong></span> 
     </span>
     <span class='ocr_line' id='line_1_24' title="bbox 397 2392 1527 2434; baseline 0.003 -3"><span class='ocrx_word' id='word_1_151' title='bbox 397 2394 605 2432; x_wconf 87' lang='lat' dir='ltr'><strong>moriantur</strong></span> <span class='ocrx_word' id='word_1_152' title='bbox 626 2392 794 2431; x_wconf 88' lang='lat' dir='ltr'><strong>homines</strong></span> <span class='ocrx_word' id='word_1_153' title='bbox 821 2393 900 2432; x_wconf 86' lang='lat' dir='ltr'><strong>sive</strong></span> <span class='ocrx_word' id='word_1_154' title='bbox 922 2394 1063 2433; x_wconf 87' lang='lat' dir='ltr'><strong>vivant.</strong></span> <span class='ocrx_word' id='word_1_155' title='bbox 1092 2394 1194 2432; x_wconf 84' lang='lat' dir='ltr'><strong>Talis</strong></span> <span class='ocrx_word' id='word_1_156' title='bbox 1208 2394 1417 2434; x_wconf 86' lang='lat' dir='ltr'><strong>adhortatio</strong></span> <span class='ocrx_word' id='word_1_157' title='bbox 1431 2396 1527 2434; x_wconf 92' lang='lat' dir='ltr'><strong>utri-</strong></span> 
     </span>
     <span class='ocr_line' id='line_1_25' title="bbox 396 2480 1525 2534; baseline 0 -13"><span class='ocrx_word' id='word_1_158' title='bbox 396 2495 484 2533; x_wconf 90' lang='lat' dir='ltr'><strong>que,</strong></span> <span class='ocrx_word' id='word_1_159' title='bbox 511 2484 548 2521; x_wconf 89' lang='lat' dir='ltr'><strong>et</strong></span> <span class='ocrx_word' id='word_1_160' title='bbox 563 2481 793 2520; x_wconf 83' lang='lat' dir='ltr'><strong>Philoctetae</strong></span> <span class='ocrx_word' id='word_1_161' title='bbox 819 2483 856 2520; x_wconf 89' lang='lat' dir='ltr'><strong>et</strong></span> <span class='ocrx_word' id='word_1_162' title='bbox 879 2480 1143 2534; x_wconf 85' lang='lat' dir='ltr'><strong>Neoptolemo,</strong></span> <span class='ocrx_word' id='word_1_163' title='bbox 1171 2481 1367 2521; x_wconf 89' lang='lat' dir='ltr'><strong>admodum</strong></span> <span class='ocrx_word' id='word_1_164' title='bbox 1387 2482 1525 2521; x_wconf 86' lang='lat' dir='ltr'><strong>saluta-</strong></span> 
     </span>
    </p>
   </div>
   <div class='ocr_carea' id='block_1_3' title="bbox 396 2569 1524 2620">
    <p class='ocr_par' dir='ltr' id='par_1_5' title="bbox 396 2569 1524 2620">
     <span class='ocr_line' id='line_1_26' title="bbox 396 2569 1524 2620; baseline 0.002 -13"><span class='ocrx_word' id='word_1_165' title='bbox 396 2570 447 2607; x_wconf 83' lang='lat' dir='ltr'><strong>ris</strong></span> <span class='ocrx_word' id='word_1_166' title='bbox 483 2572 589 2608; x_wconf 87' lang='lat' dir='ltr'><strong>erat:</strong></span> <span class='ocrx_word' id='word_1_167' title='bbox 632 2571 786 2620; x_wconf 89' lang='lat' dir='ltr'><strong>uterque</strong></span> <span class='ocrx_word' id='word_1_168' title='bbox 814 2569 912 2608; x_wconf 88' lang='lat' dir='ltr'><strong>enim</strong></span> <span class='ocrx_word' id='word_1_169' title='bbox 949 2569 1089 2608; x_wconf 88' lang='lat' dir='ltr'><strong>divinis</strong></span> <span class='ocrx_word' id='word_1_170' title='bbox 1117 2569 1226 2608; x_wconf 91' lang='lat' dir='ltr'><strong>rebus</strong></span> <span class='ocrx_word' id='word_1_171' title='bbox 1254 2569 1432 2609; x_wconf 84' lang='lat' dir='ltr'><strong>humanas</strong></span> <span class='ocrx_word' id='word_1_172' title='bbox 1458 2583 1524 2609; x_wconf 90' lang='lat' dir='ltr'><strong>an-</strong></span> 
     </span>
    </p>
   </div>
   <div class='ocr_carea' id='block_1_4' title="bbox 1659 0 1759 95">
    <p class='ocr_par' dir='ltr' id='par_1_6' title="bbox 1659 0 1759 95">
     <span class='ocr_line' id='line_1_27' title="bbox 1659 0 1759 95; baseline 0 3087"><span class='ocrx_word' id='word_1_173' title='bbox 1659 0 1759 95; x_wconf 95' lang='lat' dir='ltr'><strong> </strong></span> 
     </span>
    </p>
   </div>
  </div>
 </body>
</html>
