1759 3182
916 395 961 428 26

802 553 1005 598 ΣΤᾸΣῙΜΟΝ
1030 561 1064 598 A'

731 696 797 736 vs.
826 700 1023 739 eea—vs.
1053 690 1141 738 713.

832 808 972 862 Στροφή
1001 801 1051 846 α’.

424 925 570 965 Chorus
610 940 655 966 ex
695 928 761 975 iis,
801 931 893 979 quae
932 929 1079 969 audivit
1115 933 1152 969 et
1199 928 1314 976 vidit,
1350 929 1496 968 miseri-

373 1012 499 1051 cordia
524 1015 667 1060 motus,
706 1026 962 1054 aerumnosam
999 1015 1229 1055 Philoctetae
1268 1016 1404 1053 sortem
1433 1014 1495 1052 de-

370 1101 502 1153 plorat.
560 1101 714 1140 JJFando
741 1102 890 1152 quidem
899 1106 931 1150 ‚''
955 1104 1098 1154 inquit,
1127 1103 1296 1150 aaudivi,
1322 1116 1397 1153 quo
1410 1115 1495 1141 cru-

373 1187 471 1228 ndeli
496 1188 680 1241 supplicio
703 1189 874 1228 Ixionem
910 1188 957 1228 ad
989 1188 1015 1227 J
1017 1190 1098 1229 ovis
1117 1188 1324 1228 thalamum
1348 1187 1495 1227 accede-

372 1289 435 1315 nre
460 1290 593 1315 ausum
627 1277 826 1315 Saturnius
864 1277 1041 1323 affecerit,
1068 1290 1185 1327 quum
1222 1290 1305 1315 eum
1334 1277 1495 1314 circum-

372 1366 499 1403 nactae
520 1361 630 1402 rotae·
657 1362 814 1415 illigarit
821 1376 835 1407 ,·
869 1366 1010 1415 praeter
1036 1362 1147 1402 illum
1183 1375 1268 1402 vero
1307 1362 1493 1401 neminem

370 1466 462 1491 nnec
489 1451 618 1490 audivi
649 1464 719 1490 nec
742 1452 894 1503 adspexi
926 1451 1164 1498 mortalium,
1191 1451 1254 1490 cui
1284 1450 1413 1489 durius
1438 1450 1493 1488 fa-

368 1542 478 1580 ntum
504 1539 667 1579 evenerit
686 1552 798 1590 quam
821 1537 1069 1586 Philoctetae,
1094 1538 1178 1589 qui,
1191 1536 1296 1576 nulla
1319 1537 1492 1588 cuiquam

369 1628 500 1666 villata
525 1628 679 1678 injuria,
704 1627 916 1665 immeritus
943 1626 1165 1664 cruciatur.”
1192 1625 1374 1671 Miratur,
1401 1637 1493 1675 quo-

366 1716 478 1757 modo
500 1716 648 1755 tristem
675 1713 781 1754 illam
808 1713 1051 1753 solitudinem
1079 1715 1117 1753 et
1138 1712 1388 1764 lacrymosum
1413 1712 1493 1752 vic-

364 1808 446 1844 tum
471 1803 628 1843 tolerare
653 1802 826 1855 potuerit.

728 1924 961 1981 Ἀντιστροφή
993 1921 1026 1965 α’
1061 1922 1140 1978 (1).

417 2052 529 2092 Solus
542 2052 680 2103 quippe
692 2052 770 2089 erat
783 2048 928 2088 insulae
940 2048 1081 2095 incola,
1104 2048 1303 2087 incedendi
1316 2047 1493 2087 facultate

365 2142 569 2181 destitutus
595 2151 715 2189 neque
737 2137 857 2176 vicini
872 2136 1091 2188 cujusquam
1115 2136 1281 2189 gaudens
1300 2136 1492 2183 societate,

362 2229 461 2282 apud
484 2242 594 2280 quem
615 2227 782 2267 miserias
805 2239 890 2265 suas
905 2227 1189 2277 conquereretur
1222 2224 1281 2265 vel
1307 2225 1373 2276 qui
1391 2224 1490 2264 diros

362 2317 549 2358 vulnerati
575 2314 680 2367 pedis
704 2313 847 2353 dolores
870 2316 907 2353 et
930 2313 1125 2366 sanguinis
1148 2313 1313 2361 fluxum,
1336 2313 1369 2352 si
1393 2313 1490 2353 inci-

404 2498 448 2536 (1)
470 2497 639 2536 Vulgatam
660 2496 859 2535 scripturam,
882 2495 1022 2534 quamvis
1043 2499 1145 2535 aperte
1165 2496 1327 2534 vitiosam,
1350 2497 1384 2527 in
1398 2505 1489 2527 enat—

360 2555 456 2585 raudo
462 2577 472 2592 ,
504 2555 583 2584 sicut
603 2554 709 2594 potui,
741 2553 913 2593 exprimere
934 2552 1056 2591 studui3
1088 2557 1170 2583 certa
1201 2554 1322 2585 medela
1343 2551 1430 2583 nulla
1454 2553 1487 2582 in

360 2617 505 2653 promptu
525 2616 582 2643 est.
