1759 3182
957 337 1030 375 102

936 447 1052 488 VIH.

485 565 686 607 Probanda
709 565 897 620 Madvigii
924 566 1134 608 emendatio
1169 569 1208 607 in
1245 567 1325 608 Cic.
1359 567 1460 608 Phil.
1496 568 1551 609 II.

432 668 464 693 c.
495 655 542 693 21
573 668 581 692 :
611 654 808 706 »Accipite
829 667 951 701 nunc,
980 668 1137 707 quaeso,
1164 668 1242 694 non
1271 669 1333 703 ea,
1362 668 1459 708 quae
1472 657 1552 708 ipse

432 742 472 781 in
499 755 538 780 se
560 747 673 795 atque
700 743 739 780 in
775 741 1020 783 domesticum
1052 741 1213 783 dedecus
1249 744 1397 796 impure
1437 750 1551 797 atque

431 830 749 881 intemperanter”
786 830 849 879 ᾂο.
879 844 949 882 pro
984 830 1178 870 dedecus
1204 830 1364 883 legentis
1400 830 1551 872 decus.

961 950 1039 991 IX.

484 1072 533 1113 In
558 1071 676 1115 Corn.
699 1073 858 1126 Nepotis
878 1073 970 1114 Vita
984 1073 1111 1114 Alcib.
1134 1073 1189 1114 H.
1205 1074 1250 1120 3,
1265 1088 1335 1126 pro
1364 1088 1372 1113 :
1402 1072 1550 1126 »quoad

431 1160 577 1199 licitum
603 1166 676 1207 est,
704 1159 831 1199 odiosa
857 1160 978 1200 multa
1002 1159 1158 1200 delicate
1184 1162 1387 1214 jocoseque
1420 1160 1551 1207 fecit,'’

430 1247 669 1287 scribendum
689 1248 837 1288 videtur
864 1262 874 1286 :
904 1248 1081 1300 »quoad
1113 1249 1297 1289 licitum
1336 1255 1405 1288 est
1440 1250 1552 1288 otio-

431 1349 494 1382 so,
532 1335 703 1375 multa'’
723 1341 792 1376 etc.

964 1456 1021 1497 X.

484 1578 671 1617 Horatius
705 1576 832 1616 Oarm.
865 1577 898 1616 I.
929 1578 992 1616 22.
1018 1590 1073 1616 vs.
1098 1577 1245 1628 13‘seq.
1260 1577 1432 1615 militaris
1441 1577 1551 1615 Dau-

429 1664 512 1703 niae
532 1678 610 1703 non
634 1664 680 1703 de
707 1665 883 1717 regione,
911 1664 976 1702 sed
1000 1663 1046 1702 de
1069 1665 1199 1703 incolis
1213 1664 1548 1716 interpretandum.

959 1786 1037 1826 XI.

480 1906 520 1946 N
522 1920 571 1946 on
600 1907 783 1946 assentior
823 1905 1123 1946 Mitscherlichio
1162 1906 1356 1953 statuenti,
1398 1906 1550 1946 Horatii

429 1993 594 2041 codices,
637 2007 732 2047 quos
759 1992 868 2032 hodie
896 1992 1095 2039 habemus,
1123 2005 1253 2031 omnes
1279 2006 1301 2030 e
1335 1993 1549 2032 recensione

428 2079 610 2120 Mavortii
636 2086 673 2119 et
697 2079 838 2119 Felicis
863 2078 1026 2118 fluxisse.

940 2200 1041 2241 XII.

480 2323 683 2365 Probanda
708 2323 896 2376 Madvigii
928 2322 1138 2362 emendatio
1167 2323 1208 2361 in
1233 2322 1264 2361 J
1265 2322 1434 2362 uvenalis
1468 2321 1546 2361 Sat.

428 2393 482 2434 H.
514 2395 608 2442 158,
635 2394 688 2433 sic
714 2393 873 2446 legentis
901 2406 909 2430 :

640 2493 853 2503 ......
882 2461 925 2502 Si
950 2462 1047 2501 foret
1078 2461 1233 2501 humida
1255 2462 1387 2501 laurus

646 2551 741 2591 Illic.
766 2549 875 2597 Heu,
904 2549 1048 2597 miseri,
1076 2549 1327 2590 traducimur!
